
@book{dautray_mathematical_2000,
	location = {Berlin Heidelberg},
	title = {Mathematical Analysis and Numerical Methods for Science and Technology: Volume 1 Physical Origins and Classical Methods},
	isbn = {978-3-540-66097-2},
	url = {//www.springer.com/gp/book/9783540660972},
	series = {Dautray,R.;Lions,J-L.:Mathematical Analysis,Numerical Methods},
	shorttitle = {Mathematical Analysis and Numerical Methods for Science and Technology},
	publisher = {Springer-Verlag},
	author = {Dautray, Robert and Lions, Jacques-Louis},
	urldate = {2019-01-22},
	date = {2000},
	langid = {english}
}

@book{dautray_mathematical_2000-1,
	location = {Berlin Heidelberg},
	title = {Mathematical Analysis and Numerical Methods for Science and Technology: Volume 2 Functional and Variational Methods},
	isbn = {978-3-540-66098-9},
	url = {//www.springer.com/gp/book/9783540660989},
	series = {Dautray,R.;Lions,J-L.:Mathematical Analysis,Numerical Methods},
	shorttitle = {Mathematical Analysis and Numerical Methods for Science and Technology},
	publisher = {Springer-Verlag},
	author = {Dautray, Robert and Lions, Jacques-Louis},
	urldate = {2019-01-22},
	date = {2000},
	langid = {english}
}

@book{dautray_mathematical_2000-2,
	location = {Berlin Heidelberg},
	title = {Mathematical Analysis and Numerical Methods for Science and Technology: Volume 6 Evolution Problems {II}},
	isbn = {978-3-540-66102-3},
	url = {//www.springer.com/gp/book/9783540661023},
	series = {Dautray,R.;Lions,J-L.:Mathematical Analysis,Numerical Methods},
	shorttitle = {Mathematical Analysis and Numerical Methods for Science and Technology},
	publisher = {Springer-Verlag},
	author = {Dautray, Robert and Lions, Jacques-Louis},
	urldate = {2019-01-22},
	date = {2000},
	langid = {english}
}

@book{dautray_mathematical_2000-3,
	location = {Berlin Heidelberg},
	title = {Mathematical Analysis and Numerical Methods for Science and Technology: Volume 5 Evolution Problems I},
	isbn = {978-3-540-66101-6},
	url = {//www.springer.com/gp/book/9783540661016},
	series = {Dautray,R.;Lions,J-L.:Mathematical Analysis,Numerical Methods},
	shorttitle = {Mathematical Analysis and Numerical Methods for Science and Technology},
	publisher = {Springer-Verlag},
	author = {Dautray, Robert and Lions, Jacques-Louis},
	urldate = {2019-01-22},
	date = {2000},
	langid = {english}
}

@book{dautray_mathematical_2000-4,
	location = {Berlin Heidelberg},
	title = {Mathematical Analysis and Numerical Methods for Science and Technology: Volume 4 Integral Equations and Numerical Methods},
	isbn = {978-3-540-66100-9},
	url = {//www.springer.com/gp/book/9783540661009},
	series = {Dautray,R.;Lions,J-L.:Mathematical Analysis,Numerical Methods},
	shorttitle = {Mathematical Analysis and Numerical Methods for Science and Technology},
	publisher = {Springer-Verlag},
	author = {Dautray, Robert and Lions, Jacques-Louis},
	urldate = {2019-01-22},
	date = {2000},
	langid = {english}
}

@book{dautray_mathematical_2000-5,
	location = {Berlin Heidelberg},
	title = {Mathematical Analysis and Numerical Methods for Science and Technology: Volume 3 Spectral Theory and Applications},
	isbn = {978-3-540-66099-6},
	url = {//www.springer.com/gp/book/9783540660996},
	series = {Dautray,R.;Lions,J-L.:Mathematical Analysis,Numerical Methods},
	shorttitle = {Mathematical Analysis and Numerical Methods for Science and Technology},
	publisher = {Springer-Verlag},
	author = {Dautray, Robert and Lions, Jacques-Louis},
	urldate = {2019-01-22},
	date = {2000},
	langid = {english}
}

@book{yosida_functional_1995,
	title = {Functional Analysis},
	isbn = {978-3-540-58654-8},
	pagetotal = {522},
	publisher = {Springer Science \& Business Media},
	author = {Yosida, Kôsaku},
	date = {1995-02-15},
	langid = {english},
	note = {Google-Books-{ID}: {QqNpbTQwKXMC}},
	keywords = {Mathematics / Functional Analysis, Mathematics / Mathematical Analysis}
}

@article{hoppe_higher_1994,
	title = {Higher order impedance boundary conditions applied to scattering by coated bodies of revolution},
	volume = {42},
	issn = {0018-926X},
	doi = {10.1109/8.362814},
	pages = {1600--1611},
	number = {12},
	journaltitle = {{IEEE} Transactions on Antennas and Propagation},
	author = {Hoppe, D. J. and Rahmat-Samii, Y.},
	date = {1994-12},
	keywords = {Boundary conditions, Conductors, Differential equations, Fourier transform, Fourier transforms, Green's function methods, Integral equations, Magnetic domains, Polynomials, Radar scattering, Surface impedance, bistatic radar cross section, boundary-value problems, coated bodies of revolution, coated ground plane, coating thickness, coatings, conductors (electric), curvature, differential equations, electric currents, electric impedance, exact impedance boundary condition, exact solution, free space Green's function, higher order impedance boundary conditions, integral equation, loss, magnetic currents, method of moments, monostatic radar cross section, polynomials, radar cross-sections, spatial domain differential equations, spectral domain, system matrix, transform variables}
}

@thesis{lize_resolution_2014,
	title = {Résolution directe rapide pour les éléments finis de frontière en électromagnétisme et acoustique : H-Matrices. Parallélisme et applications industrielles},
	url = {http://www.theses.fr/2014PA132030},
	shorttitle = {Résolution directe rapide pour les éléments finis de frontière en électromagnétisme et acoustique},
	institution = {Paris 13},
	type = {thesis},
	author = {Lizé, Benoît},
	urldate = {2019-01-15},
	date = {2014-06-17},
	keywords = {Acoustique, Mathématiques, Parallélisme (informatique), Électromagnétisme, Éléments-frontières, Méthode des, ℋ-matrice}
}

@book{berthon_electromagnetisme_2011,
	location = {Paris},
	title = {Electromagnétisme Equations Intégrales de l'Electromagnétisme Applications aux Problèmes niveau C},
	isbn = {978-2-7298-7081-2},
	pagetotal = {264},
	publisher = {Ellipses Marketing},
	author = {Berthon, André},
	date = {2011}
}

@thesis{delamotte_etude_2016,
	title = {Une étude du rang du noyau de l'équation de Helmholtz : application des H-matrices à l'{EFIE}},
	url = {http://www.theses.fr/s169031},
	shorttitle = {Une étude du rang du noyau de l'équation de Helmholtz},
	type = {phdthesis},
	author = {Delamotte, Kieran},
	urldate = {2018-03-15},
	date = {2016-10-05},
	keywords = {Bem, Noyau de Green Approximation Directionnelle Fonctions d’onde sphéroïdales, Solveur Direct Rapide H-matrice  en français}
}

@book{yuferev_surface_2009,
	title = {Surface Impedance Boundary Conditions : A Comprehensive Approach},
	isbn = {978-1-4200-4490-4},
	url = {https://www.taylorfrancis.com/books/9781420044904},
	shorttitle = {Surface Impedance Boundary Conditions},
	abstract = {Surface Impedance Boundary Conditions is perhaps the first effort to formalize the concept of {SIBC} or to extend it to higher orders by providing a},
	publisher = {{CRC} Press},
	author = {Yuferev, Sergey V. and Ida, Nathan and Ida, Nathan},
	urldate = {2019-01-17},
	date = {2009-09-28},
	langid = {english},
	doi = {10.1201/9781420044904}
}

@article{graglia_reflection_1991,
	title = {Reflection and Transmission for Planar Structures of Bianisotropic Media},
	volume = {11},
	issn = {0272-6343},
	url = {https://doi.org/10.1080/02726349108908273},
	doi = {10.1080/02726349108908273},
	abstract = {The analysis of a layered planar structure consisting of different bianisotropic materials is performed, in the frequency domain. Reflection and transmission coefficients are determined via a chain-matrix algorithm. Numerical results are presented and discussed.},
	pages = {193--208},
	number = {2},
	journaltitle = {Electromagnetics},
	author = {Graglia, Roberto D. and Uslenghi, Piergiorgio L. E. and Zich, Riccardo E.},
	urldate = {2019-01-17},
	date = {1991-04-01}
}

@article{yuferev_surface_2010,
	title = {Surface Impedance Boundary Conditions in Terms of Various Formalisms},
	volume = {46},
	doi = {10.1109/TMAG.2010.2049363},
	pages = {3617--3628},
	journaltitle = {Magnetics, {IEEE} Transactions on},
	shortjournal = {Magnetics, {IEEE} Transactions on},
	author = {Yuferev, Sergey and Di Rienzo, Luca},
	date = {2010-10-01}
}

@report{noauthor_fortran_nodate,
	title = {Fortran 2003}
}

@report{noauthor_fortran_nodate-1,
	title = {Fortran 2008}
}

@article{bonnans_local_1994,
	title = {Local analysis of Newton-type methods for variational inequalities and nonlinear programming},
	volume = {29},
	issn = {0095-4616, 1432-0606},
	url = {https://link.springer.com/article/10.1007/BF01204181},
	doi = {10.1007/BF01204181},
	pages = {161--186},
	number = {2},
	journaltitle = {Applied Mathematics and Optimization},
	shortjournal = {Appl Math Optim},
	author = {Bonnans, J. Frédéric},
	urldate = {2018-05-23},
	date = {1994-03-01},
	langid = {english}
}

@thesis{duprat_conditions_2011,
	title = {Conditions aux limites absorbantes enrichies pour l'équation des ondes acoustiques et l'équation d'Helmholtz},
	url = {http://www.theses.fr/2011PAUU3040},
	institution = {Pau},
	type = {thesis},
	author = {Duprat, Véronique},
	urldate = {2018-11-08},
	date = {2011-12-06},
	keywords = {Absorbing boundary conditions, Acoustic wave equation, Conditions aux limites absorbantes, Discontinuous Galerkin finite element method, Equation Helmholtz, Galerkine, Méthodes de, Helmholtz, Équation d', Mathématiques Appliquées, Éléments finis de type Galerkine discontinu, Éléments finis, Méthode des, Équation d'Helmholtz, Équation des ondes acoustiques., Équations d'onde}
}

@thesis{aubakirov_electromagnetic_2014,
	title = {Electromagnetic scattering problem with higher order impedance boundary conditions and integral methods},
	url = {https://www.theses.fr/2014CERG0682/document},
	institution = {Cergy-Pontoise},
	type = {phdthesis},
	author = {Aubakirov, Abil},
	date = {2014},
	keywords = {Impédance, Integral methods, Modélisation}
}

@book{cessenat_mathematical_1996,
	title = {Mathematical Methods in Electromagnetism: Linear Theory and Applications},
	volume = {41},
	url = {http://www.worldscientific.com/worldscibooks/10.1142/2938},
	series = {Series on Advances in Mathematics for Applied Sciences},
	shorttitle = {Mathematical Methods in Electromagnetism},
	publisher = {{WORLD} {SCIENTIFIC}},
	author = {Cessenat, M},
	urldate = {2018-03-15},
	date = {1996},
	langid = {english},
	doi = {10.1142/2938}
}

@book{hoppe_impedance_1995,
	location = {Washington, {DC}},
	title = {Impedance boundary conditions in electromagnetics},
	isbn = {978-1-56032-385-3},
	pagetotal = {176},
	publisher = {Taylor \& Francis},
	author = {Hoppe, Daniel Jay and Rahmat-Samii, Yahya},
	date = {1995},
	note = {{OCLC}: 246803848}
}

@book{bohren_absorption_2004,
	location = {Weinheim},
	title = {Absorption and scattering of light by small particles},
	pagetotal = {530},
	publisher = {Wiley-{VCH}},
	author = {Bohren, Craig F. and Huffman, Donald R.},
	date = {2004},
	note = {{OCLC}: 254937169}
}

@book{brezis_analyse_1996,
	location = {Paris},
	edition = {5. tirage},
	title = {Analyse fonctionelle: Théorie et applications},
	isbn = {978-2-225-77198-9},
	series = {Collection Mathématiques appliquées pour la maîtrise},
	shorttitle = {Analyse fonctionelle},
	pagetotal = {233},
	publisher = {Masson},
	author = {Brezis, Haim},
	date = {1996},
	note = {{OCLC}: 34953397}
}

@book{gradshteyn_table_1980,
	title = {Table of Integrals, Series, and Products},
	isbn = {978-0-12-294760-5},
	publisher = {Elsevier},
	author = {Gradshteyn, I.S and Ryzhik, I.M},
	urldate = {2018-06-04},
	date = {1980},
	langid = {english},
	doi = {10.1016/C2013-0-10754-4}
}

@book{bladel_electromagnetic_2007,
	title = {Electromagnetic Fields},
	isbn = {978-0-471-26388-3},
	pagetotal = {1171},
	publisher = {John Wiley \& Sons},
	author = {Bladel, J G. V},
	date = {2007},
	langid = {english},
	keywords = {Science / Physics / Electromagnetism}
}

@inproceedings{soudais_3d_2017,
	title = {3D {MoM} computations with high order impedance boundary condition},
	doi = {10.1109/ICEAA.2017.8065245},
	eventtitle = {2017 International Conference on Electromagnetics in Advanced Applications ({ICEAA})},
	pages = {340--341},
	author = {Soudais, P.},
	date = {2017-09},
	keywords = {3D {MoM} code, Boundary conditions, Coatings, Computational modeling, Impedance, Mathematical model, Method of moments, Standard Impedance Boundary Condition, Three-dimensional displays, electric impedance, electromagnetic wave scattering, high order impedance boundary condition}
}

@book{r._courant_&_d._hilbert_methods_1953,
	title = {Methods of Mathematical Physics volume 1},
	url = {http://archive.org/details/MethodsOfMathematicalPhysicsVolume1},
	abstract = {R. Courant \&amp; D. Hilbert    Methods of Mathematical Physics vol. 1     Interscience Publishers Inc. 1953    
Acrobat 7 Pdf  22.0 Mb.
Scanned by artmisa using Canon {DR}2580C + flatbed option},
	author = {{R. Courant \& D. Hilbert}},
	urldate = {2018-03-28},
	date = {1953},
	keywords = {Mathematics}
}

@article{bielski_orthogonality_2013,
	title = {Orthogonality relations for the associated Legendre functions of imaginary order},
	volume = {24},
	issn = {1065-2469},
	url = {https://doi.org/10.1080/10652469.2012.690097},
	doi = {10.1080/10652469.2012.690097},
	abstract = {Orthogonality relations for the associated Legendre functions of imaginary order are derived. They are expressed in terms of the Dirac delta function. The method is based on some known properties of the associated Legendre functions and the Dirac delta distribution. A special case of one of the relations has appeared in some recent applications.},
	pages = {331--337},
	number = {4},
	journaltitle = {Integral Transforms and Special Functions},
	author = {Bielski, Sebastian},
	urldate = {2018-03-27},
	date = {2013},
	keywords = {33C05, 33C45, Dirac delta distribution, associated Legendre functions, orthogonal functions}
}

@book{chaulet_modeles_2012,
	title = {Modèles d'impédance généralisée en diffraction inverse},
	url = {http://www.theses.fr/2012EPXX0052},
	abstract = {Le but général de cette thèse est d'exploiter des modélisations asymptotiques pour la résolution de problèmes de diffraction inverse en électromagnétisme. Nous nous intéressons plus particulièrement au cas des conditions d'impédance généralisée qui modélisent notamment des matériaux fortement absorbants ou des revêtements de faible épaisseur. L'expression "impédance généralisée" signifie que la condition au bord fait intervenir un opérateur surfacique. Les conditions dites d'impédance classique entrent dans cette famille de conditions aux bord, dans ce cas, l'opérateur surfacique se réduit à la multiplication par une fonction. Dans le cadre des problèmes inverses, l'utilisation de modèles approchés permet de simplifier aussi bien la résolution numérique que l'analyse mathématique. De nombreux travaux ont été menés en diffraction inverse sur l'utilisation d'une condition d'impédance classique, nous les avons étendus pour des opérateurs surfaciques plus complexes faisant intervenir des dérivées tangentielles. Une partie importante de la thèse est consacrée à la mise en oeuvre des méthodes d'optimisation pour retrouver un obstacle ainsi que les paramètres définissant l'opérateur d'impédance. Nous présentons en particulier un calcul de dérivée de forme dans le cas où les équations de l'électromagnétisme se simplifient en une équation scalaire, nous étendons ensuite ce calcul aux équations de Maxwell vectorielles. Des exemples numériques de reconstruction de forme et de paramètres d'impédance viennent illustrer l'applicabilité des méthodes d'optimisation à notre problème inverse. Afin de compléter cette étude, nous avons utilisé une méthode qualitative - la méthode de factorisation - pour identifier un objet diffractant caractérisé par une condition d'impédance généralisée. Enfin, en relation avec les méthodes qualitatives, nous nous sommes penché sur l'utilisation des valeurs propres de transmission associées au problème de diffraction par des couches minces pour obtenir des informations sur la couche. Dans ce but, nous avons calculé et justifié le développement asymptotique de la première valeur propre de transmission intérieure par rapport à la faible épaisseur du revêtement. Ce développement donne une manière simple de calculer l'épaisseur du revêtement à partir du champ diffracté pour plusieurs fréquences},
	publisher = {Palaiseau, Ecole polytechnique},
	author = {Chaulet, Nicolas},
	urldate = {2018-03-15},
	date = {2012}
}

@article{karlsson_approximate_2009,
	title = {Approximate Boundary Conditions for Thin Structures},
	volume = {57},
	issn = {0018-926X},
	doi = {10.1109/TAP.2008.2009720},
	pages = {144--148},
	number = {1},
	journaltitle = {{IEEE} Transactions on Antennas and Propagation},
	author = {Karlsson, A.},
	date = {2009},
	keywords = {Attenuation, Boundary conditions, Boundary value problems, Coatings, Finite difference methods, Impedance, Nonhomogeneous media, Permeability, Permittivity, Scattering, Testing, Time domain analysis, approximate boundary condition, approximation theory, electromagnetic wave propagation, electromagnetic wave scattering, frequency domain analysis, frequency-domain analysis, impedance boundary condition, modified Mitzner condition, planar structure, thin structure}
}

@article{gui_rigorous_2007,
	title = {A Rigorous and Completed Statement on Helmholtz Theorem},
	volume = {69},
	issn = {1070-4698},
	url = {http://www.jpier.org/PIER/pier.php?paper=06123101},
	doi = {10.2528/PIER06123101},
	pages = {287--304},
	journaltitle = {Progress In Electromagnetics Research},
	author = {Gui, Yong Feng and Dou, Wen-Bin},
	urldate = {2018-02-26},
	date = {2007}
}

@article{stupfel_one-way_2016,
	title = {One-way domain decomposition method with exact radiation condition and fast {GMRES} solver for the solution of Maxwell's equations},
	volume = {322},
	issn = {0021-9991},
	url = {http://www.sciencedirect.com/science/article/pii/S0021999116302960},
	doi = {10.1016/j.jcp.2016.07.015},
	pages = {882--904},
	journaltitle = {Journal of Computational Physics},
	shortjournal = {Journal of Computational Physics},
	author = {Stupfel, Bruno and Lecouvez, Matthieu},
	urldate = {2017-04-10},
	date = {2016},
	keywords = {Domain decomposition method, Finite elements, Integral representation, Iterative method, Maxwell's equations}
}

@book{abramowitz_handbook_1964,
	title = {Handbook of Mathematical Functions: With Formulas, Graphs, and Mathematical Tables},
	isbn = {978-0-486-61272-0},
	shorttitle = {Handbook of Mathematical Functions},
	pagetotal = {1078},
	publisher = {Courier Corporation},
	author = {Abramowitz, Milton and Stegun, Irene A.},
	date = {1964},
	langid = {english},
	keywords = {Mathematics / Functional Analysis, Mathematics / General}
}

@article{h._p._mckean_curvature_1967,
	title = {Curvature and the eigenvalues of the Laplacian},
	volume = {1},
	issn = {0022-040X},
	doi = {10.4310/jdg/1214427880},
	pages = {43--69},
	number = {1},
	journaltitle = {Journal of Differential Geometry},
	shortjournal = {J. Differential Geom.},
	author = {H. P. {McKean}, Jr and Singer, I. M.},
	urldate = {2018-02-15},
	date = {1967}
}

@article{bouche_simultaneous_2012,
	title = {Simultaneous study of the diffraction by a 2D-convex obstacle through boundary layer method and microlocal analysis},
	volume = {79},
	issn = {0921-7134},
	url = {https://content.iospress.com/articles/asymptotic-analysis/asy1137},
	doi = {10.3233/ASY-2012-1137},
	pages = {347--378},
	number = {3},
	journaltitle = {Asymptotic Analysis},
	author = {Bouche, Daniel and Lafitte, Olivier},
	urldate = {2018-01-29},
	date = {2012},
	langid = {english}
}

@article{lafitte_diffraction_1998,
	title = {Diffraction in the high frequency regime by a thin layer of dielectric material I: The equivalent impedance boundary condition},
	volume = {59},
	issn = {0036-1399},
	url = {http://epubs.siam.org/doi/10.1137/S0036139996307152},
	doi = {10.1137/S0036139996307152},
	shorttitle = {Diffraction in the high frequency regime by a thin layer of dielectric material I},
	pages = {1028--1052},
	number = {3},
	journaltitle = {{SIAM} Journal on Applied Mathematics},
	shortjournal = {{SIAM} J. Appl. Math.},
	author = {Lafitte, O.},
	urldate = {2018-02-14},
	date = {1998}
}

@thesis{bourguignon-mirebeau_preconditionnement_2011,
	title = {Préconditionnement de méthodes de décomposition de domaine pour les problèmes de diffraction d'ondes électromagnétiques impliquant une cavité profonde},
	url = {https://tel.archives-ouvertes.fr/tel-00651957/document},
	institution = {Université Paris Sud - Paris {XI}},
	type = {phdthesis},
	author = {Bourguignon-Mirebeau, Jennifer},
	urldate = {2018-01-31},
	date = {2011},
	langid = {french}
}

@article{bahayou_sur_2007,
	title = {Sur le problème de Helmholtz},
	volume = {65},
	pages = {427--450},
	journaltitle = {Rendiconti del Seminario matematico della Università e Politecnico di Torino},
	author = {Bahayou, Mohamed},
	date = {2007}
}

@article{stupfel_implementation_2015,
	title = {Implementation of High-Order Impedance Boundary Conditions in Some Integral Equation Formulations},
	volume = {63},
	issn = {0018-926X},
	doi = {10.1109/TAP.2015.2392125},
	pages = {1658--1668},
	number = {4},
	journaltitle = {{IEEE} Transactions on Antennas and Propagation},
	author = {Stupfel, B.},
	date = {2015},
	keywords = {Antennas, Approximation methods, {CFIE}, Coatings, {EFIE}, {IBC}0, Impedance, Impedance boundary condition ({IBC}), Leontovich {IBC}, {MFIE}, Maxwell, {RCS}, Surface impedance, axisymmetric objects, electric current, electric field integral equations, electromagnetic wave scattering, frequency domain, higher order {IBC}, impedance boundary condition, integral equation, integral equation ({IE}), integral equations, low index coatings, magnetic currents, magnetic field integral equations, radar cross section, radar cross section ({RCS}), radar cross-sections, scattering problem, surface curl operators, surface div operators}
}

@article{stupfel_sufficient_2011,
	title = {Sufficient uniqueness conditions for the solution of the time harmonic Maxwell’s equations associated with surface impedance boundary conditions},
	volume = {230},
	issn = {0021-9991},
	url = {http://www.sciencedirect.com/science/article/pii/S0021999111001215},
	doi = {10.1016/j.jcp.2011.02.032},
	pages = {4571--4587},
	number = {12},
	journaltitle = {Journal of Computational Physics},
	shortjournal = {Journal of Computational Physics},
	author = {Stupfel, Bruno and Poget, Dorcas},
	urldate = {2018-01-31},
	date = {2011},
	keywords = {Frequency selective surface, Impedance boundary conditions, Maxwell’s equations, Uniqueness conditions}
}

@article{levadoux_proposition_2005,
	title = {Proposition de préconditionneurs pseudo-différentiels pour l'équation {CFIE} de l'électromagnétisme},
	volume = {39},
	rights = {© {EDP} Sciences, {SMAI}, 2005},
	issn = {0764-583X, 1290-3841},
	url = {https://www.esaim-m2an.org/articles/m2an/abs/2005/01/m2an0445/m2an0445.html},
	doi = {10.1051/m2an:2005005},
	pages = {147--155},
	number = {1},
	journaltitle = {{ESAIM}: Mathematical Modelling and Numerical Analysis},
	shortjournal = {{ESAIM}: M2AN},
	author = {Levadoux, David P.},
	urldate = {2018-01-31},
	date = {2005},
	langid = {french}
}

@article{borel_new_2005,
	title = {A new well-conditioned Integral formulation for Maxwell equations in three dimensions},
	volume = {53},
	issn = {0018-926X},
	doi = {10.1109/TAP.2005.854561},
	pages = {2995--3004},
	number = {9},
	journaltitle = {{IEEE} Transactions on Antennas and Propagation},
	author = {Borel, S. and Levadoux, D. P. and Alouges, F.},
	date = {2005-09},
	keywords = {Admittance, {CFIE}, Combined field integral equation ({CFIE}), Electromagnetic fields, Electromagnetic scattering, Laplace equations, Linear systems, Maxwell equations, Radar scattering, Sparse matrices, boundary integral equation, boundary integral equations, classical combined field integral equation, conducting bodies, coupling operator, electric field integral equations, electric potential, electromagnetic coupling, electromagnetic wave scattering, harmonic Maxwell equations, integral equations, iterative methods, iterative techniques, magnetic potentials, perfectly electrically conducting surface, preconditioner}
}

@article{xia_enhanced_2016,
	title = {An Enhanced Augmented Electric-Field Integral Equation Formulation for Dielectric Objects},
	volume = {64},
	issn = {0018-926X},
	doi = {10.1109/TAP.2016.2537389},
	pages = {2339--2347},
	number = {6},
	journaltitle = {{IEEE} Transactions on Antennas and Propagation},
	author = {Xia, T. and Gan, H. and Wei, M. and Chew, W. C. and Braunisch, H. and Qian, Z. and Aygün, K. and Aydiner, A.},
	date = {2016-06},
	keywords = {A-{EFIE}, Antennas, Augmented electric field integral equation, Augmented electric-field integral equation (A-{EFIE}), Buffa-Christiansen basis, Buffa-Christiansen basis function, Buffa–Christiansen ({BC}) basis, Dielectrics, Electric breakdown, {FMA}, Magnetic resonance, Manganese, {PEC}, {RWG} basis function, Rao-Wilton-Glisson basis function, {SIE} method, Testing, continuity equation, dielectric objects, dielectric solver, electric field integral equations, electromagnetic field theory, enhanced augmented electric-field integral equation formulation, frequency stability, full-wave surface integral equation method, integral equations, low frequency, low-frequency breakdown elimination, low-frequency stability, magnetic field integral equations, magnetic-field integral equation operator, matrix algebra, matrix vector product, mixed-form fast multipole algorithm, perfect electric conductor, preconditioner, preconditioning scheme}
}

@article{medgyesi-mitschang_generalized_1994,
	title = {Generalized method of moments for three-dimensional penetrable scatterers},
	volume = {11},
	rights = {© 1994 Optical Society of America},
	issn = {1520-8532},
	url = {http://www.osapublishing.org/abstract.cfm?uri=josaa-11-4-1383},
	doi = {10.1364/JOSAA.11.001383},
	pages = {1383--1398},
	number = {4},
	journaltitle = {{JOSA} A},
	shortjournal = {J. Opt. Soc. Am. A, {JOSAA}},
	author = {Medgyesi-Mitschang, L. N. and Putnam, J. M. and Gedera, M. B.},
	urldate = {2017-02-07},
	date = {1994-04-01}
}

@article{yla-oijala_calculation_2003,
	title = {Calculation of {CFIE} impedance matrix elements with {RWG} and n times;{RWG} functions},
	volume = {51},
	issn = {0018-926X},
	doi = {10.1109/TAP.2003.814745},
	pages = {1837--1846},
	number = {8},
	journaltitle = {{IEEE} Transactions on Antennas and Propagation},
	author = {Yla-Oijala, P. and Taskinen, M.},
	date = {2003},
	keywords = {{CFIE} impedance matrix elements, Dielectrics, Electromagnetic scattering, Galerkin method, Green function gradient, Green's function methods, Kernel, Laboratories, Method of moments, {MoM}, Moment methods, {RWG} functions, Rao-Wilton-Glisson ({RWG}) functions, Robustness, Surface impedance, Testing, Vectors, combined field integral equation, dielectric bodies, dielectric object, electromagnetic scattering problems, electromagnetic wave scattering, impedance matrix, impedance matrix elements, integral equations, integration, iterative formulas, iterative methods, logarithmic singularity, singular double surface integrals, singularity extraction technique, triangular vector basis functions}
}

@article{yla-oijala_solving_2010,
	title = {Solving {IBC}-{CFIE} With Dual Basis Functions},
	volume = {58},
	issn = {0018-926X},
	doi = {10.1109/TAP.2010.2078473},
	pages = {3997--4004},
	number = {12},
	journaltitle = {{IEEE} Transactions on Antennas and Propagation},
	author = {Yla-Oijala, P. and Kiminki, S. P. and Jarvenpaa, S.},
	date = {2010},
	keywords = {3d conducting objects, {CFIE}, Electromagnetic scattering, Equations, Frequency modulation, {IBC}, Impedance, Method of moments, Surface impedance, combined field integral equation, combined field integral formulation, divergence conforming primary functions, dual basis functions, dual functions, electromagnetic wave scattering, impedance boundary condition, integral equations, stable discretization procedure, surface integral equation method}
}

@article{yan_accuracy_2013,
	title = {Accuracy Improvement of the Second-Kind Integral Equations for Generally Shaped Objects},
	volume = {61},
	issn = {0018-926X},
	doi = {10.1109/TAP.2012.2224835},
	pages = {788--797},
	number = {2},
	journaltitle = {{IEEE} Transactions on Antennas and Propagation},
	author = {Yan, S. and Jin, J. M. and Nie, Z.},
	date = {2013},
	keywords = {Accuracy, Buffa-Christiansen functions, Buffa–Christiansen functions, Dielectrics, Equations, Mathematical model, Scattering, Testing, computational electromagnetics, dielectric cases, discretization error, extinction theorem, far-field calculation, first-kind integral equations, generally shaped objects, identity operators, integral equations, near-singularity extraction, numerical accuracy, perfect electric conductor, scattering problems, second-kind integral equations, spherical objects, system matrix elements, testing functions, testing scheme}
}

@article{yan_analysis_2011,
	title = {Analysis of Electrically Large Problems Using the Augmented {EFIE} With a Calderon Preconditioner},
	volume = {59},
	issn = {0018-926X},
	doi = {10.1109/TAP.2011.2143672},
	pages = {2303--2314},
	number = {6},
	journaltitle = {{IEEE} Transactions on Antennas and Propagation},
	author = {Yan, S. and Jin, J. M. and Nie, Z.},
	date = {2011-06},
	keywords = {Augmented {EFIE}, Calderón preconditioned electric-field integral equation, Calderón preconditioner, Equations, Matrix decomposition, Moment methods, Resonant frequency, Scattering, Surface waves, augmented electric-field integral equation, complex wavenumber, convergence of numerical methods, convergence rate, electric field integral equations, electrically large problem analysis, electrically large problems, electromagnetic problem, electromagnetic wave scattering, integral equations, iterative methods, iterative solution, multilevel fast multipole algorithm, perfect electric conductor, resonant-free formulation, spurious internal resonance, spurious internal resonance problem}
}

@article{yan_improving_2011,
	title = {Improving the Accuracy of the Second-Kind Fredholm Integral Equations by Using the Buffa-Christiansen Functions},
	volume = {59},
	issn = {0018-926X},
	doi = {10.1109/TAP.2011.2109364},
	pages = {1299--1310},
	number = {4},
	journaltitle = {{IEEE} Transactions on Antennas and Propagation},
	author = {Yan, S. and Jin, J. M. and Nie, Z.},
	date = {2011-04},
	keywords = {Accuracy, Accuracy analysis, Buffa-Christiansen functions, Dielectrics, Equations, Fredholm integral equations, Magnetic resonance, N-Müller integral equations, Rayleigh-Ritz scheme, Testing, computational electromagnetics, convergence, convergence of numerical methods, dielectric cases, discretization error, fast convergence properties, identity operator, identity operators, integral equations, iterative convergence, iterative methods, magnetic-field integral equation, perfect electric conductor, second-kind Fredholm integral equations, second-kind integral equations}
}

@article{vinh_explicit_2015,
	title = {Explicit formulas for the reflection and transmission coefficients of one-component waves through a stack of an arbitrary number of layers},
	volume = {54},
	issn = {0165-2125},
	url = {http://www.sciencedirect.com/science/article/pii/S0165212514001735},
	doi = {10.1016/j.wavemoti.2014.12.002},
	pages = {134--144},
	journaltitle = {Wave Motion},
	shortjournal = {Wave Motion},
	author = {Vinh, Pham Chi and Tuan, Tran Thanh and Capistran, Marcos A.},
	urldate = {2017-04-24},
	date = {2015},
	keywords = {A composite layer, A stack of arbitrary number of layers, An {FGM} layer, One-component waves, Reflection coefficient, Transmission coefficient}
}

@book{senior_approximate_1995,
	title = {Approximate Boundary Conditions in Electromagnetics},
	isbn = {978-0-85296-849-9},
	pagetotal = {372},
	publisher = {{IET}},
	author = {Senior, Thomas B. A. and Volakis, John Leonidas},
	date = {1995},
	langid = {english},
	keywords = {Science / Physics / Electromagnetism, Technology \& Engineering / Electronics / General, Technology \& Engineering / Reference}
}

@article{schaeffer_efficient_2013,
	title = {Efficient Spherical Harmonic Transforms aimed at pseudo-spectral numerical simulations},
	volume = {14},
	issn = {15252027},
	url = {http://arxiv.org/abs/1202.6522},
	doi = {10.1002/ggge.20071},
	pages = {751--758},
	number = {3},
	journaltitle = {Geochemistry, Geophysics, Geosystems},
	author = {Schaeffer, Nathanaël},
	urldate = {2017-07-26},
	date = {2013},
	eprinttype = {arxiv},
	eprint = {1202.6522},
	keywords = {Computer Science - Mathematical Software, Computer Science - Numerical Analysis, Computer Science - Performance, Physics - Computational Physics}
}

@article{peterson_eigenvalues_1988,
	title = {Eigenvalues of the moment-method matrix and their effect on the convergence of the conjugate gradient algorithm ({EM} scattering)},
	volume = {36},
	issn = {0018-926X},
	doi = {10.1109/8.7236},
	pages = {1177--1179},
	number = {8},
	journaltitle = {{IEEE} Transactions on Antennas and Propagation},
	author = {Peterson, A. F. and Smith, C. F. and Mittra, R.},
	date = {1988},
	keywords = {Antennas and propagation, Character generation, {EM} wave scattering, Electromagnetic propagation, Frequency selective surfaces, Geometry, Tellurium, Testing, basis functions, conjugate gradient algorithm, convergence, convergence of numerical methods, eigenvalues, eigenvalues and eigenfunctions, eigenvectors, electromagnetic wave scattering, electromagnetic-scattering problems, integral equations, iteration matrix, iterative methods, moment-method matrix, testing functions}
}

@book{nedelec_acoustic_2001,
	title = {Acoustic and Electromagnetic Equations: Integral Representations for Harmonic Problems},
	isbn = {978-0-387-95155-3},
	shorttitle = {Acoustic and Electromagnetic Equations},
	pagetotal = {336},
	publisher = {Springer Science \& Business Media},
	author = {Nedelec, Jean-Claude},
	date = {2001},
	langid = {english},
	keywords = {Computers / Intelligence ({AI}) \& Semantics, Mathematics / Applied, Mathematics / Calculus, Mathematics / Mathematical Analysis, Science / Acoustics \& Sound, Science / Mechanics / Fluids, Science / Physics / Electricity, Science / Physics / Optics \& Light, Science / Waves \& Wave Mechanics, Technology \& Engineering / Electrical}
}

@report{mautz_h-field_1977,
	title = {H-Field, E-Field, and Combined Field Solutions for Bodies of Revolution},
	url = {http://www.dtic.mil/docs/citations/ADA040379},
	institution = {{SYRACUSE} {UNIV} {NY} {DEPT} {OF} {ELECTRICAL} {AND} {COMPUTER} {ENGINEERING}, {SYRACUSE} {UNIV} {NY} {DEPT} {OF} {ELECTRICAL} {AND} {COMPUTER} {ENGINEERING}},
	author = {Mautz, Joseph R. and Harrington, Roger F.},
	urldate = {2018-01-31},
	date = {1977},
	langid = {english}
}

@article{marceaux_high-order_2000,
	title = {High-order impedance boundary conditions for multilayer coated 3-D objects},
	volume = {48},
	issn = {0018-926X},
	doi = {10.1109/8.841904},
	pages = {429--436},
	number = {3},
	journaltitle = {{IEEE} Transactions on Antennas and Propagation},
	author = {Marceaux, O. and Stupfel, B.},
	date = {2000},
	keywords = {Boundary conditions, Coatings, Finite element methods, Helium, Impedance, Nonhomogeneous media, {RCS}, Radar scattering, Reflection, approximation theory, approximations, boundary-value problems, conducting bodies, differential equations, electric impedance, electromagnetic wave reflection, electromagnetic wave scattering, exact boundary condition, finite element analysis, finite-element formulation, high-order impedance boundary conditions, infinite planar coating, infinite planar metal-backed coating, inhomogeneous media, integral equation, integral equations, multilayer coated 3D objects, numerical efficiency, perfectly conducting coated sphere, pseudodifferential operators, radar cross section, radar cross-sections, reflection coefficients, scattering problem, tangent plane approximation}
}

@article{li_novel_2012,
	title = {Novel Buffa-Christiansen Functions for Improving {CFIE} With Impedance Boundary Condition},
	volume = {60},
	issn = {0018-926X},
	doi = {10.1109/TAP.2012.2201121},
	pages = {3763--3771},
	number = {8},
	journaltitle = {{IEEE} Transactions on Antennas and Propagation},
	author = {Li, W. D. and Hong, W. and Zhou, H. X. and Song, Z.},
	date = {2012},
	keywords = {Blades, Boundary conditions, Buffa-Christiansen function, Buffa-Christiansen functions, {CFIE}-{IBC}, Electromagnetic scattering, Impedance, K component, L component, Nonhomogeneous media, {RWG} function, Rotors, Surface impedance, eigenvalue condition number, eigenvalues and eigenfunctions, electric field integral equations, electromagnetic wave scattering, far-field interactions, impedance boundary condition, multilevel fast multipole, multilevel fast multipole algorithm, overlapped domain decomposition, overlapped domain decomposition method, resulting matrix element, surface combined field integral equation, three-dimensional imperfectly conducting objects}
}

@article{levadoux_nouvelles_2004,
	title = {Nouvelles formulations intégrales pour les problèmes de diffraction d'ondes},
	volume = {38},
	rights = {© {EDP} Sciences, {SMAI}, 2004},
	issn = {0764-583X, 1290-3841},
	url = {https://www.esaim-m2an.org/articles/m2an/abs/2004/01/m2an0254/m2an0254.html},
	doi = {10.1051/m2an:2004008},
	pages = {157--175},
	number = {1},
	journaltitle = {{ESAIM}: Mathematical Modelling and Numerical Analysis},
	shortjournal = {{ESAIM}: M2AN},
	author = {Levadoux, David P. and Michielsen, Bastiaan L.},
	urldate = {2018-01-31},
	date = {2004},
	langid = {english}
}

@article{guan_accurate_2014,
	title = {An Accurate and Efficient Finite Element-Boundary Integral Method With {GPU} Acceleration for 3-D Electromagnetic Analysis},
	volume = {62},
	issn = {0018-926X},
	doi = {10.1109/TAP.2014.2361896},
	pages = {6325--6336},
	number = {12},
	journaltitle = {{IEEE} Transactions on Antennas and Propagation},
	author = {Guan, J. and Yan, S. and Jin, J. M.},
	date = {2014},
	keywords = {3D electromagnetic analysis, {ABC}-based preconditioner, Acceleration, Buffa-Christiansen function, Buffa-Christiansen functions, Equations, {GPU} acceleration, {MLFMA}, {RCS}, Rao-Wilton-Glisson functions, Testing, Vectors, absorbing boundary condition, boundary integral equations, coated missile-like object, computational electromagnetics, convergence, dielectric coated sphere, finite element analysis, finite element-boundary integral ({FE}-{BI}), finite element-boundary integral method, graphics processing unit, graphics processing units, integral equations, interior resonance, iterative methods, iterative solution, mixed testing scheme, multilevel fast multipole algorithm, partial human body, preconditioner, radar cross section, radar cross sections}
}

@thesis{delourme_modeles_2010,
	title = {Modèles et asymptotiques des interfaces fines et périodiques en électromagnétisme},
	url = {https://tel.archives-ouvertes.fr/tel-00650354/document},
	institution = {Université Pierre et Marie Curie - Paris {VI}},
	type = {phdthesis},
	author = {Delourme, Bérangère},
	urldate = {2018-01-11},
	date = {2010},
	langid = {french}
}

@thesis{berger_optimisation_2015,
	title = {Optimisation du spectre du Laplacien avec conditions de Dirichlet et Neumann dans R² et R³},
	url = {http://www.theses.fr/2015GREAM036},
	institution = {Grenoble Alpes},
	type = {phdthesis},
	author = {Berger, Amandine},
	urldate = {2018-01-31},
	date = {2015}
}

@article{bagci_calderon_2009,
	title = {A Calderon Multiplicative Preconditioner for the Combined Field Integral Equation},
	volume = {57},
	issn = {0018-926X},
	doi = {10.1109/TAP.2009.2029389},
	pages = {3387--3392},
	number = {10},
	journaltitle = {{IEEE} Transactions on Antennas and Propagation},
	author = {Bagci, H. and Andriulli, F. P. and Cools, K. and Olyslager, F. and Michielssen, E.},
	date = {2009-10},
	keywords = {Calderon multiplicative preconditioner, Combined field integral equation ({CFIE}), Electric field integral equation ({EFIE}), Electromagnetic analysis, Electromagnetic radiation, Electromagnetic scattering, Frequency, Information technology, Linear systems, Magnetic analysis, Magnetic resonance, Message-oriented middleware, combined field integral equation, computational electromagnetics, electric field integral equation, electric field integral equations, integral equations, iterative solution, magnetic field integral equation, magnetic field integral equation ({MFIE}), magnetic field integral equations, magnetic fields, preconditioning, surface electromagnetic waves, surface integral equations}
}
@article{andriulli_loop-star_2012,
	title = {Loop-Star and Loop-Tree Decompositions: Analysis and Efficient Algorithms},
	volume = {60},
	issn = {0018-926X},
	doi = {10.1109/TAP.2012.2189723},
	shorttitle = {Loop-Star and Loop-Tree Decompositions},
	pages = {2347--2356},
	number = {5},
	journaltitle = {{IEEE} Transactions on Antennas and Propagation},
	author = {Andriulli, F. P.},
	date = {2012},
	keywords = {Calderon preconditioned electric field integral operators, Electric breakdown, Electric field integral equation ({EFIE}), Equations, Linear systems, Matrix decomposition, Mercury (metals), Symmetric matrices, electric field integral equations, ill-conditioning problems, integral equations, loop-star decomposition, loop-star/tree bases, loop-tree decomposition, magnetic field integral equation ({MFIE})}
}

@article{andriulli_regularized_2007,
	title = {A Regularized Combined Field Integral Equation for Scattering from 2-D Perfect Electrically Conducting Objects},
	volume = {55},
	issn = {0018-926X},
	doi = {10.1109/TAP.2007.904083},
	pages = {2522--2529},
	number = {9},
	journaltitle = {{IEEE} Transactions on Antennas and Propagation},
	author = {Andriulli, F. P. and Michielssen, E.},
	date = {2007-09},
	keywords = {2D perfect electrically conducting objects, Antenna feeds, Combined field integral equation ({CFIE}), Electric field integral equation ({EFIE}), Electromagnetic scattering, Frequency, Iterative algorithms, Magnetic analysis, Resonance, analytical inversion, combined field integral equation, computational complexity, conducting bodies, dense spatial discretizations, eigenvalues and eigenfunctions, electric field integral equations, electromagnetic wave scattering, hypersingular part, ill-conditioning, integral equations, magnetic fields}
}

@article{hsiao_mathematical_1997,
	title = {Mathematical foundations for error estimation in numerical solutions of integral equations in electromagnetics},
	volume = {45},
	issn = {0018-926X},
	doi = {10.1109/8.558648},
	pages = {316--328},
	number = {3},
	journaltitle = {{IEEE} Transactions on Antennas and Propagation},
	author = {Hsiao, G. C. and Kleinman, R. E.},
	date = {1997-03},
	keywords = {{EFIE}, Electromagnetic fields, Electromagnetic scattering, Galerkin method, Green's function methods, Green's theorem, Helium, Impedance, {MFIE}, Magnetic analysis, Method of moments, Moment methods, Numerical analysis, Sobolev spaces, condition number, direct method, electric field integral equations, electric fields, electromagnetics, electromagnetism, error analysis, error estimation, field approach, function spaces, impedance matrices, indirect method, integral equations, integral operators, magnetic field integral equations, magnetic fields, mapping properties, numerical solutions, residual error, source approach, square integrable functions}
}

@book{morse_methods_1953,
	title = {Methods of theorical Physics. Volume I \& {II}},
	publisher = {{McGraw}-Hill, New York},
	author = {Morse, P. M. and Feshbach, H.},
	date = {1953}
}

@article{penrose_best_1956,
	title = {On best approximate solutions of linear matrix equations},
	volume = {52},
	doi = {10.1017/S0305004100030929},
	pages = {17--19},
	number = {1},
	journaltitle = {Mathematical Proceedings of the Cambridge Philosophical Society},
	author = {Penrose, R.},
	date = {1956},
	langid = {english}
}

@report{bendali_equations_2014,
	location = {Toulouse},
	title = {Equations Intégrales en Electromagnétisme},
	url = {http://www.math.univ-toulouse.fr/~abendali/polyelec1314.pdf},
	institution = {Insa},
	type = {Cours},
	author = {Bendali, A.},
	date = {2014}
}

@article{kostyuchenko_infinite-dimensional_1999,
	title = {Infinite-dimensional elliptic coordinates},
	volume = {33},
	issn = {0016-2663, 1573-8485},
	url = {https://link.springer.com/article/10.1007/BF02467115},
	doi = {10.1007/BF02467115},
	pages = {300--303},
	number = {4},
	journaltitle = {Functional Analysis and Its Applications},
	shortjournal = {Funct Anal Its Appl},
	author = {Kostyuchenko, A. G. and Stepanov, A. A.},
	urldate = {2018-01-30},
	date = {1999},
	langid = {english}
}

@book{jones_acoustic_1986,
	location = {Oxford; New York},
	title = {Acoustic and electromagnetic waves},
	isbn = {978-0-19-853365-8 978-0-19-853380-1},
	publisher = {Clarendon Press ; Oxford University Press},
	author = {Jones, D. S},
	date = {1986},
	note = {{OCLC}: 11550458}
}

@thesis{silva_resolution_2003,
	title = {Résolution des problèmes de diffraction d’ondes électromagnétiques avec condition d’impédance par méthodes intégrales},
	institution = {Magistère 2ème Année {EEA}},
	type = {{CERF} {ACS} {REPOR} T {WN}/{EMC}/03/53},
	author = {Silva, Fabrice},
	date = {2003}
}

@article{lame_memoire_1837,
	title = {Mémoire sur les surfaces isothermes dans les corps solides homogènes en équilibre de température},
	volume = {2},
	pages = {147--188},
	journaltitle = {Journal de mathématiques pures et appliquées},
	author = {Lamé, Gabriel},
	date = {1837}
}

@incollection{young_helmholtzs_2009,
	title = {Helmholtz’s and Laplace’s Equations in Spherical Polar Coordinates: Spherical Harmonics and Spherical Bessel Functions},
	url = {http://physics.ucsc.edu/~peter/116C/helm_sp.pdf},
	booktitle = {Physics 116C},
	author = {Young, Peter},
	date = {2009-10-23}
}