@book{chaulet_modeles_2012,
	title = {Modèles d'impédance généralisée en diffraction inverse},
	url = {http://www.theses.fr/2012EPXX0052},
	abstract = {Le but général de cette thèse est d'exploiter des modélisations asymptotiques pour la résolution de problèmes de diffraction inverse en électromagnétisme. Nous nous intéressons plus particulièrement au cas des conditions d'impédance généralisée qui modélisent notamment des matériaux fortement absorbants ou des revêtements de faible épaisseur. L'expression "impédance généralisée" signifie que la condition au bord fait intervenir un opérateur surfacique. Les conditions dites d'impédance classique entrent dans cette famille de conditions aux bord, dans ce cas, l'opérateur surfacique se réduit à la multiplication par une fonction. Dans le cadre des problèmes inverses, l'utilisation de modèles approchés permet de simplifier aussi bien la résolution numérique que l'analyse mathématique. De nombreux travaux ont été menés en diffraction inverse sur l'utilisation d'une condition d'impédance classique, nous les avons étendus pour des opérateurs surfaciques plus complexes faisant intervenir des dérivées tangentielles. Une partie importante de la thèse est consacrée à la mise en oeuvre des méthodes d'optimisation pour retrouver un obstacle ainsi que les paramètres définissant l'opérateur d'impédance. Nous présentons en particulier un calcul de dérivée de forme dans le cas où les équations de l'électromagnétisme se simplifient en une équation scalaire, nous étendons ensuite ce calcul aux équations de Maxwell vectorielles. Des exemples numériques de reconstruction de forme et de paramètres d'impédance viennent illustrer l'applicabilité des méthodes d'optimisation à notre problème inverse. Afin de compléter cette étude, nous avons utilisé une méthode qualitative - la méthode de factorisation - pour identifier un objet diffractant caractérisé par une condition d'impédance généralisée. Enfin, en relation avec les méthodes qualitatives, nous nous sommes penché sur l'utilisation des valeurs propres de transmission associées au problème de diffraction par des couches minces pour obtenir des informations sur la couche. Dans ce but, nous avons calculé et justifié le développement asymptotique de la première valeur propre de transmission intérieure par rapport à la faible épaisseur du revêtement. Ce développement donne une manière simple de calculer l'épaisseur du revêtement à partir du champ diffracté pour plusieurs fréquences},
	publisher = {Palaiseau, Ecole polytechnique},
	author = {Chaulet, Nicolas},
	urldate = {2018-03-15},
	date = {2012},
	file = {chaulet_cut.pdf:C\:\\Users\\payen\\Zotero\\storage\\R6U95VSH\\chaulet_cut.pdf:application/pdf}
}

@book{berthon_electromagnetisme_2011,
	location = {Paris},
	title = {Electromagnétisme Equations Intégrales de l'Electromagnétisme Applications aux Problèmes niveau C},
	isbn = {978-2-7298-7081-2},
	abstract = {Un livre qui vise à rendre aussi évident que possible le lien entre la physique mathématique et le calcul numérique en électromagnétisme. L'ouvrage développe les méthodes d'équations intégrales, depuis leur déduction rigoureuse à partir des équations de Maxwell, jusqu'aux approximations du calcul numérique. Il expose les principes généraux de la mise en équations des problèmes d'antennes et de diffusion. Dans une première partie théorique l'accent est mis sur les notions d'impédance et de projecteurs, les propriétés des opérateurs intégraux singuliers de surface et celles des modes de résonance. La seconde partie illustre la théorie par les applications où une symétrie permet de réduire la dimension des problèmes. Les problèmes à symétrie de révolution conduisent ainsi à des systèmes d'équations intégrales à une dimension. Les calculs analytiques sont poussés aussi loin que possible en étudiant les approximations numériques de leurs noyaux. Puis sont exposés les principes de la résolution numérique des équations intégrales à une dimension. Le dernier chapitre porte sur les géométries qui possèdent une symétrie supplémentaire : plan, cylindre ou sphère, pour lesquelles les problèmes sont en quelque sorte naturellement discrétisés.},
	pagetotal = {264},
	publisher = {Ellipses Marketing},
	author = {Berthon, André},
	date = {2011}
}

@book{hoppe_impedance_1995,
	location = {Washington, {DC}},
	title = {Impedance boundary conditions in electromagnetics},
	isbn = {978-1-56032-385-3},
	series = {A {SUMMA} book},
	pagetotal = {176},
	publisher = {Taylor \& Francis},
	author = {Hoppe, Daniel Jay and Rahmat-Samii, Yahya},
	date = {1995},
	note = {{OCLC}: 246803848}
}

@book{cessenat_mathematical_1996,
	title = {Mathematical Methods in Electromagnetism: Linear Theory and Applications},
	volume = {41},
	isbn = {978-981-02-2467-7 978-981-4447-15-7},
	url = {http://www.worldscientific.com/worldscibooks/10.1142/2938},
	series = {Series on Advances in Mathematics for Applied Sciences},
	shorttitle = {Mathematical Methods in Electromagnetism},
	publisher = {{WORLD} {SCIENTIFIC}},
	author = {Cessenat, M},
	urldate = {2018-03-15},
	date = {1996},
	langid = {english},
	doi = {10.1142/2938},
	file = {Cessenat_Mathematical_Methods_in_Electrom.pdf:C\:\\Users\\payen\\Zotero\\storage\\GBTK3VGR\\Cessenat_Mathematical_Methods_in_Electrom.pdf:application/pdf}
}

@article{karlsson_approximate_2009,
	title = {Approximate Boundary Conditions for Thin Structures},
	volume = {57},
	issn = {0018-926X},
	doi = {10.1109/TAP.2008.2009720},
	pages = {144--148},
	number = {1},
	journaltitle = {{IEEE} Transactions on Antennas and Propagation},
	author = {Karlsson, A.},
	date = {2009},
	keywords = {approximate boundary condition, approximation theory, Attenuation, Boundary conditions, Boundary value problems, electromagnetic wave propagation, electromagnetic wave scattering, Finite difference methods, frequency domain analysis, frequency-domain analysis, Impedance, impedance boundary condition, modified Mitzner condition, Nonhomogeneous media, Permeability, Permittivity, planar structure, Scattering, Testing, thin structure, Time domain analysis, Coatings},
	file = {IEEE Xplore Full Text PDF:C\:\\Users\\payen\\Zotero\\storage\\HFBQFUAT\\Karlsson - 2009 - Approximate Boundary Conditions for Thin Structure.pdf:application/pdf}
}

@article{gui_rigorous_2007,
	title = {A Rigorous and Completed Statement on Helmholtz Theorem},
	volume = {69},
	issn = {1070-4698},
	url = {http://www.jpier.org/PIER/pier.php?paper=06123101},
	doi = {10.2528/PIER06123101},
	pages = {287--304},
	journaltitle = {Progress In Electromagnetics Research},
	author = {Gui, Yong Feng and Dou, Wen-Bin},
	urldate = {2018-02-26},
	date = {2007},
	file = {Full Text PDF:C\:\\Users\\payen\\Zotero\\storage\\C9G3ZMZ4\\Gui et Dou - 2007 - A Rigorous and Completed Statement on Helmholtz Th.pdf:application/pdf}
}

@article{stupfel_one-way_2016,
	title = {One-way domain decomposition method with exact radiation condition and fast {GMRES} solver for the solution of Maxwell's equations},
	volume = {322},
	issn = {0021-9991},
	url = {http://www.sciencedirect.com/science/article/pii/S0021999116302960},
	doi = {10.1016/j.jcp.2016.07.015},
	pages = {882--904},
	journaltitle = {Journal of Computational Physics},
	shortjournal = {Journal of Computational Physics},
	author = {Stupfel, Bruno and Lecouvez, Matthieu},
	urldate = {2017-04-10},
	date = {2016},
	keywords = {Domain decomposition method, Finite elements, Integral representation, Iterative method, Maxwell's equations},
	file = {ScienceDirect Full Text PDF:C\:\\Users\\payen\\Zotero\\storage\\5HFX393U\\Stupfel et Lecouvez - 2016 - One-way domain decomposition method with exact rad.pdf:application/pdf}
}

@book{abramowitz_handbook_1964,
	title = {Handbook of Mathematical Functions: With Formulas, Graphs, and Mathematical Tables},
	isbn = {978-0-486-61272-0},
	shorttitle = {Handbook of Mathematical Functions},
	pagetotal = {1078},
	publisher = {Courier Corporation},
	author = {Abramowitz, Milton and Stegun, Irene A.},
	date = {1964},
	langid = {english},
	keywords = {Mathematics / Functional Analysis, Mathematics / General},
	file = {Abramowitz et Stegun - 1964 - Handbook of Mathematical Functions With Formulas,.pdf:C\:\\Users\\payen\\Zotero\\storage\\NCZJFXP7\\Abramowitz et Stegun - 1964 - Handbook of Mathematical Functions With Formulas,.pdf:application/pdf}
}

@article{h._p._mckean_curvature_1967,
	title = {Curvature and the eigenvalues of the Laplacian},
	volume = {1},
	issn = {0022-040X},
	doi = {10.4310/jdg/1214427880},
	pages = {43--69},
	number = {1},
	journaltitle = {Journal of Differential Geometry},
	shortjournal = {J. Differential Geom.},
	author = {H. P. {McKean}, Jr and Singer, I. M.},
	urldate = {2018-02-15},
	date = {1967},
	file = {McKean-curvature-1967.pdf:C\:\\Users\\payen\\Zotero\\storage\\9EJ9U3EQ\\McKean-curvature-1967.pdf:application/pdf}
}

@article{bouche_simultaneous_2012,
	title = {Simultaneous study of the diffraction by a 2D-convex obstacle through boundary layer method and microlocal analysis},
	volume = {79},
	issn = {0921-7134},
	url = {https://content.iospress.com/articles/asymptotic-analysis/asy1137},
	doi = {10.3233/ASY-2012-1137},
	pages = {347--378},
	number = {3},
	journaltitle = {Asymptotic Analysis},
	author = {Bouche, Daniel and Lafitte, Olivier},
	urldate = {2018-01-29},
	date = {2012},
	langid = {english},
	file = {ASY1137.pdf:C\:\\Users\\payen\\Zotero\\storage\\6D6TPBZJ\\ASY1137.pdf:application/pdf}
}

@article{lafitte_diffraction_1998,
	title = {Diffraction in the high frequency regime by a thin layer of dielectric material I: The equivalent impedance boundary condition},
	volume = {59},
	issn = {0036-1399},
	url = {http://epubs.siam.org/doi/10.1137/S0036139996307152},
	doi = {10.1137/S0036139996307152},
	shorttitle = {Diffraction in the high frequency regime by a thin layer of dielectric material I},
	pages = {1028--1052},
	number = {3},
	journaltitle = {{SIAM} Journal on Applied Mathematics},
	shortjournal = {{SIAM} J. Appl. Math.},
	author = {Lafitte, O.},
	urldate = {2018-02-14},
	date = {1998},
	file = {Full Text PDF:C\:\\Users\\payen\\Zotero\\storage\\3S4JU569\\Lafitte - 1998 - Diffraction in the high frequency regime by a thin.pdf:application/pdf}
}

@thesis{bourguignon-mirebeau_preconditionnement_2011,
	title = {Préconditionnement de méthodes de décomposition de domaine pour les problèmes de diffraction d'ondes électromagnétiques impliquant une cavité profonde},
	url = {https://tel.archives-ouvertes.fr/tel-00651957/document},
	institution = {Université Paris Sud - Paris {XI}},
	type = {phdthesis},
	author = {Bourguignon-Mirebeau, Jennifer},
	urldate = {2018-01-31},
	date = {2011},
	langid = {french},
	file = {Full Text PDF:C\:\\Users\\payen\\Zotero\\storage\\ARW77UKV\\Bourguignon-Mirebeau - 2011 - Préconditionnement de méthodes de décomposition de.pdf:application/pdf}
}

@article{bahayou_sur_2007,
	title = {Sur le problème de Helmholtz},
	volume = {65},
	pages = {427--450},
	journaltitle = {Rendiconti del Seminario matematico della Università e Politecnico di Torino},
	author = {Bahayou, Mohamed},
	date = {2007},
	file = {Full Text PDF:C\:\\Users\\payen\\Zotero\\storage\\49XGTT8K\\Bahayou - 2007 - Sur le problème de Helmholtz.pdf:application/pdf}
}

@article{stupfel_implementation_2015,
	title = {Implementation of High-Order Impedance Boundary Conditions in Some Integral Equation Formulations},
	volume = {63},
	issn = {0018-926X},
	doi = {10.1109/TAP.2015.2392125},
	pages = {1658--1668},
	number = {4},
	journaltitle = {{IEEE} Transactions on Antennas and Propagation},
	author = {Stupfel, B.},
	date = {2015},
	keywords = {electromagnetic wave scattering, Impedance, impedance boundary condition, Antennas, Approximation methods, axisymmetric objects, {CFIE}, {EFIE}, electric current, electric field integral equations, frequency domain, higher order {IBC}, {IBC}0, Impedance boundary condition ({IBC}), integral equation, integral equation ({IE}), integral equations, Leontovich {IBC}, low index coatings, magnetic currents, magnetic field integral equations, Maxwell, {MFIE}, radar cross section, radar cross section ({RCS}), radar cross-sections, {RCS}, scattering problem, surface curl operators, surface div operators, Surface impedance, Coatings},
	file = {IEEE Xplore Full Text PDF:C\:\\Users\\payen\\Zotero\\storage\\ZFMGFBRC\\Stupfel - 2015 - Implementation of High-Order Impedance Boundary Co.pdf:application/pdf}
}

@article{stupfel_sufficient_2011,
	title = {Sufficient uniqueness conditions for the solution of the time harmonic Maxwell’s equations associated with surface impedance boundary conditions},
	volume = {230},
	issn = {0021-9991},
	url = {http://www.sciencedirect.com/science/article/pii/S0021999111001215},
	doi = {10.1016/j.jcp.2011.02.032},
	pages = {4571--4587},
	number = {12},
	journaltitle = {Journal of Computational Physics},
	shortjournal = {Journal of Computational Physics},
	author = {Stupfel, Bruno and Poget, Dorcas},
	urldate = {2018-01-31},
	date = {2011},
	keywords = {Frequency selective surface, Impedance boundary conditions, Maxwell’s equations, Uniqueness conditions},
	file = {ScienceDirect Full Text PDF:C\:\\Users\\payen\\Zotero\\storage\\BD84EHGB\\Stupfel et Poget - 2011 - Sufficient uniqueness conditions for the solution .pdf:application/pdf}
}

@article{levadoux_proposition_2005,
	title = {Proposition de préconditionneurs pseudo-différentiels pour l'équation {CFIE} de l'électromagnétisme},
	volume = {39},
	rights = {© {EDP} Sciences, {SMAI}, 2005},
	issn = {0764-583X, 1290-3841},
	url = {https://www.esaim-m2an.org/articles/m2an/abs/2005/01/m2an0445/m2an0445.html},
	doi = {10.1051/m2an:2005005},
	pages = {147--155},
	number = {1},
	journaltitle = {{ESAIM}: Mathematical Modelling and Numerical Analysis},
	shortjournal = {{ESAIM}: M2AN},
	author = {Levadoux, David P.},
	urldate = {2018-01-31},
	date = {2005},
	langid = {french},
	file = {Full Text PDF:C\:\\Users\\payen\\Zotero\\storage\\5AICW9W4\\Levadoux - Proposition de préconditionneurs pseudo-différenti.pdf:application/pdf}
}

@report{marceaux_etude_1997,
	title = {Etude et validation de conditions d'impédance d'ordre élévé en électromagnétisme},
	rights = {{DO}},
	institution = {{CEA}/{CESTA}/{DO}373},
	author = {Marceaux, O.},
	date = {1997}
}

@article{borel_new_2005,
	title = {A new well-conditioned Integral formulation for Maxwell equations in three dimensions},
	volume = {53},
	issn = {0018-926X},
	doi = {10.1109/TAP.2005.854561},
	pages = {2995--3004},
	number = {9},
	journaltitle = {{IEEE} Transactions on Antennas and Propagation},
	author = {Borel, S. and Levadoux, D. P. and Alouges, F.},
	date = {2005-09},
	keywords = {electromagnetic wave scattering, {CFIE}, electric field integral equations, integral equations, Admittance, boundary integral equation, boundary integral equations, classical combined field integral equation, Combined field integral equation ({CFIE}), conducting bodies, coupling operator, electric potential, electromagnetic coupling, Electromagnetic fields, Electromagnetic scattering, harmonic Maxwell equations, iterative methods, iterative techniques, Laplace equations, Linear systems, magnetic potentials, Maxwell equations, perfectly electrically conducting surface, preconditioner, Radar scattering, Sparse matrices},
	file = {IEEE Xplore Full Text PDF:C\:\\Users\\payen\\Zotero\\storage\\2EG6UJJQ\\Borel et al. - 2005 - A new well-conditioned Integral formulation for Ma.pdf:application/pdf}
}

@article{xia_enhanced_2016,
	title = {An Enhanced Augmented Electric-Field Integral Equation Formulation for Dielectric Objects},
	volume = {64},
	issn = {0018-926X},
	doi = {10.1109/TAP.2016.2537389},
	pages = {2339--2347},
	number = {6},
	journaltitle = {{IEEE} Transactions on Antennas and Propagation},
	author = {Xia, T. and Gan, H. and Wei, M. and Chew, W. C. and Braunisch, H. and Qian, Z. and Aygün, K. and Aydiner, A.},
	date = {2016-06},
	keywords = {Testing, Antennas, electric field integral equations, integral equations, magnetic field integral equations, preconditioner, A-{EFIE}, Augmented electric field integral equation, Augmented electric-field integral equation (A-{EFIE}), Buffa-Christiansen basis, Buffa-Christiansen basis function, Buffa–Christiansen ({BC}) basis, continuity equation, dielectric objects, dielectric solver, Dielectrics, Electric breakdown, electromagnetic field theory, enhanced augmented electric-field integral equation formulation, {FMA}, frequency stability, full-wave surface integral equation method, low frequency, low-frequency breakdown elimination, low-frequency stability, Magnetic resonance, magnetic-field integral equation operator, Manganese, matrix algebra, matrix vector product, mixed-form fast multipole algorithm, {PEC}, perfect electric conductor, preconditioning scheme, Rao-Wilton-Glisson basis function, {RWG} basis function, {SIE} method},
	file = {IEEE Xplore Full Text PDF:C\:\\Users\\payen\\Zotero\\storage\\XHRDD9UB\\Xia et al. - 2016 - An Enhanced Augmented Electric-Field Integral Equa.pdf:application/pdf}
}

@article{medgyesi-mitschang_generalized_1994,
	title = {Generalized method of moments for three-dimensional penetrable scatterers},
	volume = {11},
	rights = {© 1994 Optical Society of America},
	issn = {1520-8532},
	url = {http://www.osapublishing.org/abstract.cfm?uri=josaa-11-4-1383},
	doi = {10.1364/JOSAA.11.001383},
	pages = {1383--1398},
	number = {4},
	journaltitle = {{JOSA} A},
	shortjournal = {J. Opt. Soc. Am. A, {JOSAA}},
	author = {Medgyesi-Mitschang, L. N. and Putnam, J. M. and Gedera, M. B.},
	urldate = {2017-02-07},
	date = {1994-04-01},
	file = {Medgyesi-Mitschang et al. - 1994 - Generalized method of moments for three-dimensiona.pdf:C\:\\Users\\payen\\Zotero\\storage\\9H8FGDI7\\Medgyesi-Mitschang et al. - 1994 - Generalized method of moments for three-dimensiona.pdf:application/pdf}
}

@article{yla-oijala_calculation_2003,
	title = {Calculation of {CFIE} impedance matrix elements with {RWG} and n times;{RWG} functions},
	volume = {51},
	issn = {0018-926X},
	doi = {10.1109/TAP.2003.814745},
	pages = {1837--1846},
	number = {8},
	journaltitle = {{IEEE} Transactions on Antennas and Propagation},
	author = {Yla-Oijala, P. and Taskinen, M.},
	date = {2003-08},
	keywords = {electromagnetic wave scattering, Testing, integral equations, Surface impedance, Electromagnetic scattering, iterative methods, Dielectrics, {CFIE} impedance matrix elements, combined field integral equation, dielectric bodies, dielectric object, electromagnetic scattering problems, Galerkin method, Green function gradient, Green's function methods, impedance matrix, impedance matrix elements, integration, iterative formulas, Kernel, Laboratories, logarithmic singularity, {MoM}, Moment methods, Rao-Wilton-Glisson ({RWG}) functions, Robustness, {RWG} functions, singular double surface integrals, singularity extraction technique, triangular vector basis functions, Vectors, Method of moments},
	file = {IEEE Xplore Full Text PDF:C\:\\Users\\payen\\Zotero\\storage\\9JPBG6EN\\Yla-Oijala et Taskinen - 2003 - Calculation of CFIE impedance matrix elements with.pdf:application/pdf}
}

@article{yla-oijala_solving_2010,
	title = {Solving {IBC}-{CFIE} With Dual Basis Functions},
	volume = {58},
	issn = {0018-926X},
	doi = {10.1109/TAP.2010.2078473},
	pages = {3997--4004},
	number = {12},
	journaltitle = {{IEEE} Transactions on Antennas and Propagation},
	author = {Yla-Oijala, P. and Kiminki, S. P. and Jarvenpaa, S.},
	date = {2010-12},
	keywords = {electromagnetic wave scattering, Impedance, impedance boundary condition, {CFIE}, integral equations, Surface impedance, Electromagnetic scattering, combined field integral equation, 3d conducting objects, combined field integral formulation, divergence conforming primary functions, dual basis functions, dual functions, Equations, Frequency modulation, {IBC}, stable discretization procedure, surface integral equation method, Method of moments},
	file = {IEEE Xplore Full Text PDF:C\:\\Users\\payen\\Zotero\\storage\\SVSR7VP2\\Yla-Oijala et al. - 2010 - Solving IBC-CFIE With Dual Basis Functions.pdf:application/pdf}
}

@article{yan_accuracy_2013,
	title = {Accuracy Improvement of the Second-Kind Integral Equations for Generally Shaped Objects},
	volume = {61},
	issn = {0018-926X},
	doi = {10.1109/TAP.2012.2224835},
	pages = {788--797},
	number = {2},
	journaltitle = {{IEEE} Transactions on Antennas and Propagation},
	author = {Yan, S. and Jin, J. M. and Nie, Z.},
	date = {2013-02},
	keywords = {Scattering, Testing, integral equations, Dielectrics, perfect electric conductor, Equations, Accuracy, Buffa-Christiansen functions, Buffa–Christiansen functions, computational electromagnetics, dielectric cases, discretization error, extinction theorem, far-field calculation, first-kind integral equations, generally shaped objects, identity operators, Mathematical model, near-singularity extraction, numerical accuracy, scattering problems, second-kind integral equations, spherical objects, system matrix elements, testing functions, testing scheme},
	file = {IEEE Xplore Full Text PDF:C\:\\Users\\payen\\Zotero\\storage\\5WJ6STJJ\\Yan et al. - 2013 - Accuracy Improvement of the Second-Kind Integral E.pdf:application/pdf}
}

@article{yan_analysis_2011,
	title = {Analysis of Electrically Large Problems Using the Augmented {EFIE} With a Calderon Preconditioner},
	volume = {59},
	issn = {0018-926X},
	doi = {10.1109/TAP.2011.2143672},
	pages = {2303--2314},
	number = {6},
	journaltitle = {{IEEE} Transactions on Antennas and Propagation},
	author = {Yan, S. and Jin, J. M. and Nie, Z.},
	date = {2011-06},
	keywords = {electromagnetic wave scattering, Scattering, electric field integral equations, integral equations, iterative methods, perfect electric conductor, Moment methods, Equations, Augmented {EFIE}, augmented electric-field integral equation, Calderón preconditioned electric-field integral equation, Calderón preconditioner, complex wavenumber, convergence of numerical methods, convergence rate, electrically large problem analysis, electrically large problems, electromagnetic problem, iterative solution, Matrix decomposition, multilevel fast multipole algorithm, Resonant frequency, resonant-free formulation, spurious internal resonance, spurious internal resonance problem, Surface waves},
	file = {IEEE Xplore Full Text PDF:C\:\\Users\\payen\\Zotero\\storage\\B7NC2S2S\\Yan et al. - 2011 - Analysis of Electrically Large Problems Using the .pdf:application/pdf}
}

@article{yan_improving_2011,
	title = {Improving the Accuracy of the Second-Kind Fredholm Integral Equations by Using the Buffa-Christiansen Functions},
	volume = {59},
	issn = {0018-926X},
	doi = {10.1109/TAP.2011.2109364},
	pages = {1299--1310},
	number = {4},
	journaltitle = {{IEEE} Transactions on Antennas and Propagation},
	author = {Yan, S. and Jin, J. M. and Nie, Z.},
	date = {2011-04},
	keywords = {Testing, integral equations, iterative methods, Dielectrics, Magnetic resonance, perfect electric conductor, Equations, Accuracy, Buffa-Christiansen functions, computational electromagnetics, dielectric cases, discretization error, identity operators, second-kind integral equations, convergence of numerical methods, Accuracy analysis, convergence, fast convergence properties, Fredholm integral equations, identity operator, iterative convergence, magnetic-field integral equation, N-Müller integral equations, Rayleigh-Ritz scheme, second-kind Fredholm integral equations},
	file = {IEEE Xplore Full Text PDF:C\:\\Users\\payen\\Zotero\\storage\\3K64G89M\\Yan et al. - 2011 - Improving the Accuracy of the Second-Kind Fredholm.pdf:application/pdf}
}

@article{vinh_explicit_2015,
	title = {Explicit formulas for the reflection and transmission coefficients of one-component waves through a stack of an arbitrary number of layers},
	volume = {54},
	issn = {0165-2125},
	url = {http://www.sciencedirect.com/science/article/pii/S0165212514001735},
	doi = {10.1016/j.wavemoti.2014.12.002},
	pages = {134--144},
	journaltitle = {Wave Motion},
	shortjournal = {Wave Motion},
	author = {Vinh, Pham Chi and Tuan, Tran Thanh and Capistran, Marcos A.},
	urldate = {2017-04-24},
	date = {2015-04},
	keywords = {A composite layer, A stack of arbitrary number of layers, An {FGM} layer, One-component waves, Reflection coefficient, Transmission coefficient},
	file = {ScienceDirect Full Text PDF:C\:\\Users\\payen\\Zotero\\storage\\PZGA6NI8\\Vinh et al. - 2015 - Explicit formulas for the reflection and transmiss.pdf:application/pdf}
}

@book{senior_approximate_1995,
	title = {Approximate Boundary Conditions in Electromagnetics},
	isbn = {978-0-85296-849-9},
	pagetotal = {372},
	publisher = {{IET}},
	author = {Senior, Thomas B. A. and Volakis, John Leonidas},
	date = {1995},
	langid = {english},
	keywords = {Science / Physics / Electromagnetism, Technology \& Engineering / Electronics / General, Technology \& Engineering / Reference}
}

@article{schaeffer_efficient_2013,
	title = {Efficient Spherical Harmonic Transforms aimed at pseudo-spectral numerical simulations},
	volume = {14},
	issn = {15252027},
	url = {http://arxiv.org/abs/1202.6522},
	doi = {10.1002/ggge.20071},
	pages = {751--758},
	number = {3},
	journaltitle = {Geochemistry, Geophysics, Geosystems},
	author = {Schaeffer, Nathanaël},
	urldate = {2017-07-26},
	date = {2013},
	eprinttype = {arxiv},
	eprint = {1202.6522},
	keywords = {Computer Science - Mathematical Software, Computer Science - Numerical Analysis, Computer Science - Performance, Physics - Computational Physics},
	file = {arXiv\:1202.6522 PDF:C\:\\Users\\payen\\Zotero\\storage\\4CUKIT7S\\Schaeffer - 2013 - Efficient Spherical Harmonic Transforms aimed at p.pdf:application/pdf}
}

@article{peterson_eigenvalues_1988,
	title = {Eigenvalues of the moment-method matrix and their effect on the convergence of the conjugate gradient algorithm ({EM} scattering)},
	volume = {36},
	issn = {0018-926X},
	doi = {10.1109/8.7236},
	pages = {1177--1179},
	number = {8},
	journaltitle = {{IEEE} Transactions on Antennas and Propagation},
	author = {Peterson, A. F. and Smith, C. F. and Mittra, R.},
	date = {1988-08},
	keywords = {electromagnetic wave scattering, Testing, integral equations, iterative methods, testing functions, convergence of numerical methods, convergence, Antennas and propagation, basis functions, Character generation, conjugate gradient algorithm, eigenvalues, eigenvalues and eigenfunctions, eigenvectors, Electromagnetic propagation, electromagnetic-scattering problems, {EM} wave scattering, Frequency selective surfaces, Geometry, iteration matrix, moment-method matrix, Tellurium},
	file = {IEEE Xplore Full Text PDF:C\:\\Users\\payen\\Zotero\\storage\\XCPS4EFM\\Peterson et al. - 1988 - Eigenvalues of the moment-method matrix and their .pdf:application/pdf}
}

@book{nedelec_acoustic_2001,
	title = {Acoustic and Electromagnetic Equations: Integral Representations for Harmonic Problems},
	isbn = {978-0-387-95155-3},
	shorttitle = {Acoustic and Electromagnetic Equations},
	pagetotal = {336},
	publisher = {Springer Science \& Business Media},
	author = {Nedelec, Jean-Claude},
	date = {2001},
	langid = {english},
	keywords = {Computers / Intelligence ({AI}) \& Semantics, Mathematics / Applied, Mathematics / Calculus, Mathematics / Mathematical Analysis, Science / Acoustics \& Sound, Science / Mechanics / Fluids, Science / Physics / Electricity, Science / Physics / Optics \& Light, Science / Waves \& Wave Mechanics, Technology \& Engineering / Electrical},
	file = {Nedelec - 2001 - Acoustic and Electromagnetic Equations Integral R.pdf:C\:\\Users\\payen\\Zotero\\storage\\QTEML7NA\\Nedelec - 2001 - Acoustic and Electromagnetic Equations Integral R.pdf:application/pdf}
}

@report{mautz_h-field_1977,
	title = {H-Field, E-Field, and Combined Field Solutions for Bodies of Revolution},
	url = {http://www.dtic.mil/docs/citations/ADA040379},
	institution = {{SYRACUSE} {UNIV} {NY} {DEPT} {OF} {ELECTRICAL} {AND} {COMPUTER} {ENGINEERING}, {SYRACUSE} {UNIV} {NY} {DEPT} {OF} {ELECTRICAL} {AND} {COMPUTER} {ENGINEERING}},
	author = {Mautz, Joseph R. and Harrington, Roger F.},
	urldate = {2018-01-31},
	date = {1977},
	langid = {english},
	file = {Full Text PDF:C\:\\Users\\payen\\Zotero\\storage\\HGID44IX\\Mautz et Harrington - 1977 - H-Field, E-Field, and Combined Field Solutions for.pdf:application/pdf}
}

@article{marceaux_high-order_2000,
	title = {High-order impedance boundary conditions for multilayer coated 3-D objects},
	volume = {48},
	issn = {0018-926X},
	doi = {10.1109/8.841904},
	pages = {429--436},
	number = {3},
	journaltitle = {{IEEE} Transactions on Antennas and Propagation},
	author = {Marceaux, O. and Stupfel, B.},
	date = {2000},
	keywords = {approximation theory, Boundary conditions, electromagnetic wave scattering, Impedance, Nonhomogeneous media, integral equation, integral equations, radar cross section, radar cross-sections, {RCS}, scattering problem, conducting bodies, Radar scattering, approximations, boundary-value problems, differential equations, electric impedance, electromagnetic wave reflection, exact boundary condition, finite element analysis, Finite element methods, finite-element formulation, Helium, high-order impedance boundary conditions, infinite planar coating, infinite planar metal-backed coating, inhomogeneous media, multilayer coated 3D objects, numerical efficiency, perfectly conducting coated sphere, pseudodifferential operators, Reflection, reflection coefficients, tangent plane approximation, Coatings},
	file = {IEEE Xplore Full Text PDF:C\:\\Users\\payen\\Zotero\\storage\\SBB2TQKG\\Marceaux et Stupfel - 2000 - High-order impedance boundary conditions for multi.pdf:application/pdf}
}

@article{li_novel_2012,
	title = {Novel Buffa-Christiansen Functions for Improving {CFIE} With Impedance Boundary Condition},
	volume = {60},
	issn = {0018-926X},
	doi = {10.1109/TAP.2012.2201121},
	pages = {3763--3771},
	number = {8},
	journaltitle = {{IEEE} Transactions on Antennas and Propagation},
	author = {Li, W. D. and Hong, W. and Zhou, H. X. and Song, Z.},
	date = {2012-08},
	keywords = {Boundary conditions, electromagnetic wave scattering, Impedance, impedance boundary condition, Nonhomogeneous media, electric field integral equations, Surface impedance, Electromagnetic scattering, Buffa-Christiansen functions, multilevel fast multipole algorithm, eigenvalues and eigenfunctions, Blades, Buffa-Christiansen function, {CFIE}-{IBC}, eigenvalue condition number, far-field interactions, K component, L component, multilevel fast multipole, overlapped domain decomposition, overlapped domain decomposition method, resulting matrix element, Rotors, {RWG} function, surface combined field integral equation, three-dimensional imperfectly conducting objects},
	file = {IEEE Xplore Full Text PDF:C\:\\Users\\payen\\Zotero\\storage\\SZMDNG4J\\Li et al. - 2012 - Novel Buffa-Christiansen Functions for Improving C.pdf:application/pdf}
}

@article{levadoux_nouvelles_2004,
	title = {Nouvelles formulations intégrales pour les problèmes de diffraction d'ondes},
	volume = {38},
	rights = {© {EDP} Sciences, {SMAI}, 2004},
	issn = {0764-583X, 1290-3841},
	url = {https://www.esaim-m2an.org/articles/m2an/abs/2004/01/m2an0254/m2an0254.html},
	doi = {10.1051/m2an:2004008},
	pages = {157--175},
	number = {1},
	journaltitle = {{ESAIM}: Mathematical Modelling and Numerical Analysis},
	shortjournal = {{ESAIM}: M2AN},
	author = {Levadoux, David P. and Michielsen, Bastiaan L.},
	urldate = {2018-01-31},
	date = {2004},
	langid = {english},
	file = {Full Text PDF:C\:\\Users\\payen\\Zotero\\storage\\JD4FC2BQ\\Levadoux et Michielsen - Nouvelles formulations intégrales pour les problèm.pdf:application/pdf}
}

@article{guan_accurate_2014,
	title = {An Accurate and Efficient Finite Element-Boundary Integral Method With {GPU} Acceleration for 3-D Electromagnetic Analysis},
	volume = {62},
	issn = {0018-926X},
	doi = {10.1109/TAP.2014.2361896},
	pages = {6325--6336},
	number = {12},
	journaltitle = {{IEEE} Transactions on Antennas and Propagation},
	author = {Guan, J. and Yan, S. and Jin, J. M.},
	date = {2014-12},
	keywords = {Testing, integral equations, radar cross section, {RCS}, boundary integral equations, iterative methods, preconditioner, Vectors, Equations, Buffa-Christiansen functions, computational electromagnetics, iterative solution, multilevel fast multipole algorithm, convergence, finite element analysis, Buffa-Christiansen function, 3D electromagnetic analysis, {ABC}-based preconditioner, absorbing boundary condition, Acceleration, coated missile-like object, dielectric coated sphere, finite element-boundary integral ({FE}-{BI}), finite element-boundary integral method, {GPU} acceleration, graphics processing unit, graphics processing units, interior resonance, mixed testing scheme, {MLFMA}, partial human body, radar cross sections, Rao-Wilton-Glisson functions},
	file = {IEEE Xplore Full Text PDF:C\:\\Users\\payen\\Zotero\\storage\\TC4449IF\\Guan et al. - 2014 - An Accurate and Efficient Finite Element-Boundary .pdf:application/pdf}
}

@thesis{delourme_modeles_2010,
	title = {Modèles et asymptotiques des interfaces fines et périodiques en électromagnétisme},
	url = {https://tel.archives-ouvertes.fr/tel-00650354/document},
	institution = {Université Pierre et Marie Curie - Paris {VI}},
	type = {phdthesis},
	author = {Delourme, Bérangère},
	urldate = {2018-01-11},
	date = {2010},
	langid = {french},
	file = {Full Text PDF:C\:\\Users\\payen\\Zotero\\storage\\2NAF6CPC\\Delourme - 2010 - Modèles et asymptotiques des interfaces fines et p.pdf:application/pdf}
}

@book{bladel_electromagnetic_2007,
	title = {Electromagnetic Fields},
	isbn = {978-0-471-26388-3},
	pagetotal = {1171},
	publisher = {John Wiley \& Sons},
	author = {Bladel, J G. V},
	date = {2007},
	langid = {english},
	keywords = {Science / Physics / Electromagnetism},
	file = {bladel-book.pdf:C\:\\Users\\payen\\Zotero\\storage\\298A4UNG\\bladel-book.pdf:application/pdf;bladel-toc.pdf:C\:\\Users\\payen\\Zotero\\storage\\VVQQCBV4\\bladel-toc.pdf:application/pdf}
}

@thesis{berger_optimisation_2015,
	title = {Optimisation du spectre du Laplacien avec conditions de Dirichlet et Neumann dans $R^2$ et $R^3$},
	url = {http://www.theses.fr/2015GREAM036},
	institution = {Grenoble Alpes},
	type = {phdthesis},
	author = {Berger, Amandine},
	urldate = {2018-01-31},
	date = {2015},
	file = {Full Text PDF:C\:\\Users\\payen\\Zotero\\storage\\G674HEE9\\Berger - 2015 - Optimisation du spectre du Laplacien avec conditio.pdf:application/pdf}
}

@article{bagci_calderon_2009,
	title = {A Calderon Multiplicative Preconditioner for the Combined Field Integral Equation},
	volume = {57},
	issn = {0018-926X},
	doi = {10.1109/TAP.2009.2029389},
	pages = {3387--3392},
	number = {10},
	journaltitle = {{IEEE} Transactions on Antennas and Propagation},
	author = {Bagci, H. and Andriulli, F. P. and Cools, K. and Olyslager, F. and Michielssen, E.},
	date = {2009-10},
	keywords = {electric field integral equations, integral equations, magnetic field integral equations, Combined field integral equation ({CFIE}), Electromagnetic scattering, Linear systems, Magnetic resonance, combined field integral equation, computational electromagnetics, iterative solution, Calderon multiplicative preconditioner, electric field integral equation, Electric field integral equation ({EFIE}), Electromagnetic analysis, Electromagnetic radiation, Frequency, Information technology, Magnetic analysis, magnetic field integral equation, magnetic field integral equation ({MFIE}), magnetic fields, Message-oriented middleware, preconditioning, surface electromagnetic waves, surface integral equations},
	file = {IEEE Xplore Full Text PDF:C\:\\Users\\payen\\Zotero\\storage\\QCM259F9\\Bagci et al. - 2009 - A Calder #x00D3\;n Multiplicative Preconditioner fo.pdf:application/pdf}
}

@article{andriulli_loop-star_2012,
	title = {Loop-Star and Loop-Tree Decompositions: Analysis and Efficient Algorithms},
	volume = {60},
	issn = {0018-926X},
	doi = {10.1109/TAP.2012.2189723},
	shorttitle = {Loop-Star and Loop-Tree Decompositions},
	pages = {2347--2356},
	number = {5},
	journaltitle = {{IEEE} Transactions on Antennas and Propagation},
	author = {Andriulli, F. P.},
	date = {2012-05},
	keywords = {electric field integral equations, integral equations, Linear systems, Electric breakdown, Equations, Matrix decomposition, Electric field integral equation ({EFIE}), magnetic field integral equation ({MFIE}), Calderon preconditioned electric field integral operators, ill-conditioning problems, loop-star decomposition, loop-star/tree bases, loop-tree decomposition, Mercury (metals), Symmetric matrices},
	file = {IEEE Xplore Full Text PDF:C\:\\Users\\payen\\Zotero\\storage\\BAB9IAWQ\\Andriulli - 2012 - Loop-Star and Loop-Tree Decompositions Analysis a.pdf:application/pdf}
}

@article{andriulli_regularized_2007,
	title = {A Regularized Combined Field Integral Equation for Scattering from 2-D Perfect Electrically Conducting Objects},
	volume = {55},
	issn = {0018-926X},
	doi = {10.1109/TAP.2007.904083},
	pages = {2522--2529},
	number = {9},
	journaltitle = {{IEEE} Transactions on Antennas and Propagation},
	author = {Andriulli, F. P. and Michielssen, E.},
	date = {2007-09},
	keywords = {electromagnetic wave scattering, electric field integral equations, integral equations, Combined field integral equation ({CFIE}), conducting bodies, Electromagnetic scattering, combined field integral equation, eigenvalues and eigenfunctions, Electric field integral equation ({EFIE}), Frequency, Magnetic analysis, magnetic fields, 2D perfect electrically conducting objects, analytical inversion, Antenna feeds, computational complexity, dense spatial discretizations, hypersingular part, ill-conditioning, Iterative algorithms, Resonance},
	file = {IEEE Xplore Full Text PDF:C\:\\Users\\payen\\Zotero\\storage\\TR8UMKBV\\Andriulli et Michielssen - 2007 - A Regularized Combined Field Integral Equation for.pdf:application/pdf}
}

@article{hsiao_mathematical_1997,
	title = {Mathematical foundations for error estimation in numerical solutions of integral equations in electromagnetics},
	volume = {45},
	issn = {0018-926X},
	doi = {10.1109/8.558648},
	pages = {316--328},
	number = {3},
	journaltitle = {{IEEE} Transactions on Antennas and Propagation},
	author = {Hsiao, G. C. and Kleinman, R. E.},
	date = {1997-03},
	keywords = {Impedance, {EFIE}, electric field integral equations, integral equations, magnetic field integral equations, {MFIE}, Electromagnetic fields, Electromagnetic scattering, Galerkin method, Green's function methods, Moment methods, Helium, Magnetic analysis, magnetic fields, condition number, direct method, electric fields, electromagnetics, electromagnetism, error analysis, error estimation, field approach, function spaces, Green's theorem, impedance matrices, indirect method, integral operators, mapping properties, Numerical analysis, numerical solutions, residual error, Sobolev spaces, source approach, square integrable functions, Method of moments},
	file = {IEEE Xplore Full Text PDF:C\:\\Users\\payen\\Zotero\\storage\\J267CA6M\\Hsiao et Kleinman - 1997 - Mathematical foundations for error estimation in n.pdf:application/pdf}
}

@book{morse_methods_1953,
	title = {Methods of theorical Physics. Volume I \& {II}},
	publisher = {{McGraw}-Hill, New York},
	author = {Morse, P. M. and Feshbach, H.},
	date = {1953},
	file = {morse_feshbach_2.djvu:C\:\\Users\\payen\\Zotero\\storage\\FZE7I9QR\\morse_feshbach_2.djvu:image/vnd.djvu;morse_feshback_1.djvu:C\:\\Users\\payen\\Zotero\\storage\\3FFHMVT3\\morse_feshback_1.djvu:image/vnd.djvu}
}

@article{penrose_best_1956,
	title = {On best approximate solutions of linear matrix equations},
	volume = {52},
	doi = {10.1017/S0305004100030929},
	pages = {17--19},
	number = {1},
	journaltitle = {Mathematical Proceedings of the Cambridge Philosophical Society},
	author = {Penrose, R.},
	date = {1956},
	langid = {english}
}

@report{bendali_equations_2014,
	location = {Toulouse},
	title = {Equations Intégrales en Electromagnétisme},
	url = {http://www.math.univ-toulouse.fr/~abendali/polyelec1314.pdf},
	institution = {Insa},
	type = {Cours},
	author = {Bendali, A.},
	date = {2014},
	file = {polyelec1314.pdf:C\:\\Users\\payen\\Zotero\\storage\\XFBVTZ2C\\polyelec1314.pdf:application/pdf}
}

@article{kostyuchenko_infinite-dimensional_1999,
	title = {Infinite-dimensional elliptic coordinates},
	volume = {33},
	issn = {0016-2663, 1573-8485},
	url = {https://link.springer.com/article/10.1007/BF02467115},
	doi = {10.1007/BF02467115},
	pages = {300--303},
	number = {4},
	journaltitle = {Functional Analysis and Its Applications},
	shortjournal = {Funct Anal Its Appl},
	author = {Kostyuchenko, A. G. and Stepanov, A. A.},
	urldate = {2018-01-30},
	date = {1999},
	langid = {english},
	file = {Full Text PDF:C\:\\Users\\payen\\Zotero\\storage\\E4DXIQXM\\Kostyuchenko et Stepanov - 1999 - Infinite-dimensional elliptic coordinates.pdf:application/pdf}
}

@book{jones_acoustic_1986,
	location = {Oxford; New York},
	title = {Acoustic and electromagnetic waves},
	isbn = {978-0-19-853365-8 978-0-19-853380-1},
	publisher = {Clarendon Press ; Oxford University Press},
	author = {Jones, D. S},
	date = {1986},
	note = {{OCLC}: 11550458}
}

@thesis{silva_resolution_2003,
	title = {Résolution des problèmes de diffraction d’ondes électromagnétiques avec condition d’impédance par méthodes intégrales},
	institution = {Magistère 2ème Année {EEA}},
	type = {{CERF} {ACS} {REPOR} T {WN}/{EMC}/03/53},
	author = {Silva, Fabrice},
	date = {2003},
	file = {rapportCerfacs.pdf:C\:\\Users\\payen\\Zotero\\storage\\U682KC9U\\rapportCerfacs.pdf:application/pdf}
}

@article{lame_memoire_1837,
	title = {Mémoire sur les surfaces isothermes dans les corps solides homogènes en équilibre de température},
	volume = {2},
	pages = {147--188},
	journaltitle = {Journal de mathématiques pures et appliquées},
	author = {Lamé, Gabriel},
	date = {1837},
	file = {harmoniques_ellipsoidale.pdf:C\:\\Users\\payen\\Zotero\\storage\\Q9RGCP2F\\harmoniques_ellipsoidale.pdf:application/pdf}
}

@incollection{young_helmholtzs_2009,
	title = {Helmholtz’s and Laplace’s Equations in Spherical Polar Coordinates: Spherical Harmonics and Spherical Bessel Functions},
	url = {http://physics.ucsc.edu/~peter/116C/helm_sp.pdf},
	booktitle = {Physics 116C},
	author = {Young, Peter},
	date = {2009-10-23}
}

@thesis{delamotte_etude_2016,
	title = {Une étude du rang du noyau de l'équation de Helmholtz : application des H-matrices à l'{EFIE}},
	url = {http://www.theses.fr/s169031},
	shorttitle = {Une étude du rang du noyau de l'équation de Helmholtz},
	abstract = {La résolution de problèmes d’onde par une méthode d’éléments finis de frontière
({BEM}) conduit à des systèmes d’équations linéaires pleins dont la taille augmente très
vite pour les applications pratiques. Il est alors impératif d’employer desméthodes de résolution
dites rapides. La méthode des multipôles rapides ({FMM}) accèlere la résolution
de ces systèmes par des algorithmes itératifs. La méthode des H-matrices permet d’accélérer
les solveurs directs nécessaires aux cas d’application massivement multi-seconds
membres. Elle a été introduite et théoriquement justifiée dans le cas de l’équation de Laplace.
Néanmoins elle s’avère performante au-delà de ce qui est attendu pour des problèmes
d’onde relativement haute fréquence. L’objectif de cette thèse est de comprendre
pourquoi la méthode fonctionne et proposer des améliorations pour des fréquences plus
élevées.
Une H-matrice est une représentation hiérarchique par arbre permettant un stockage
compressé des données grâce à une séparation des interactions proches (ou singulières)
et lointaines (dites admissibles). Un bloc admissble a une représentation de rang faible de
type {UVT} tandis que les interactions singulières sont représentées par des blocs pleins de
petites tailles. Cette méthode permet une approximation rapide d’une matrice {BEM} par
une H-matrice ainsi qu’une méthode de factorisation rapide de type Cholesky dont les
facteurs sont également de {typeH}-matrice.
Nous montrons la nécessité d’un critère d’admissibilité dépendant de la fréquence et introduisons
un critère dit de Fresnel basé sur la zone de diffraction de Fresnel. Ceci permet
de contrôler la croissance du rang d’un bloc et nous proposons une estimation précise
de celui-ci à haute fréquence à partir de résultats sur les fonctions d’onde sphéroïdales.
Nous en déduisons une methode de type {HCA}-{II}, robuste et fiable, d’assemblage rapide
compressé à la précision voulue.
Nous étudions les propriétés de cet algorithme en fonction de divers paramètres et leur
influence sur le contrôle et la croissance du rang en fonction de la fréquence.
Nous introduisons la notion de section efficace d’interaction entre deux clusters vérifiant
le critère de Fresnel. Si celle-ci n’est pas dégénérée, le rang du bloc croît au plus linéairement
avec la fréquence ; pour une interaction entre deux clusters coplanaires nous
montrons une croissance comme la racine carrée de la fréquence. Ces développements
sont illustrés sur des maillages représentatifs des interactions à haute fréquence.},
	type = {phdthesis},
	author = {Delamotte, Kieran},
	urldate = {2018-03-15},
	date = {2016-10-05},
	keywords = {Bem, Noyau de Green Approximation Directionnelle Fonctions d’onde sphéroïdales, Solveur Direct Rapide H-matrice  en français},
	file = {TheseDELAMOTTE.pdf:C\:\\Users\\payen\\Zotero\\storage\\9NZN6835\\TheseDELAMOTTE.pdf:application/pdf}
}

@book{r._courant_&_d._hilbert_methods_1953,
	title = {Methods of Mathematical Physics volume 1},
	url = {http://archive.org/details/MethodsOfMathematicalPhysicsVolume1},
	abstract = {R. Courant \&amp; D. Hilbert    Methods of Mathematical Physics vol. 1     Interscience Publishers Inc. 1953    
Acrobat 7 Pdf  22.0 Mb.
Scanned by artmisa using Canon {DR}2580C + flatbed option},
	author = {{R. Courant \& D. Hilbert}},
	urldate = {2018-03-28},
	date = {1953},
	keywords = {Mathematics},
	file = {R. Courant & D. Hilbert - 1953 - Methods of Mathematical Physics volume 1.pdf:C\:\\Users\\payen\\Zotero\\storage\\3RZJV6JT\\R. Courant & D. Hilbert - 1953 - Methods of Mathematical Physics volume 1.pdf:application/pdf}
}

@article{bielski_orthogonality_2013,
	title = {Orthogonality relations for the associated Legendre functions of imaginary order},
	volume = {24},
	issn = {1065-2469},
	url = {https://doi.org/10.1080/10652469.2012.690097},
	doi = {10.1080/10652469.2012.690097},
	abstract = {Orthogonality relations for the associated Legendre functions of imaginary order are derived. They are expressed in terms of the Dirac delta function. The method is based on some known properties of the associated Legendre functions and the Dirac delta distribution. A special case of one of the relations has appeared in some recent applications.},
	pages = {331--337},
	number = {4},
	journaltitle = {Integral Transforms and Special Functions},
	author = {Bielski, Sebastian},
	urldate = {2018-03-27},
	date = {2013-04-01},
	keywords = {33C05, 33C45, associated Legendre functions, Dirac delta distribution, orthogonal functions},
	file = {Bielski - 2013 - Orthogonality relations for the associated Legendr.pdf:C\:\\Users\\payen\\Zotero\\storage\\W9RBM2FR\\Bielski - 2013 - Orthogonality relations for the associated Legendr.pdf:application/pdf}
}

@book{bohren_absorption_2004,
	location = {Weinheim},
	title = {Absorption and scattering of light by small particles},
	pagetotal = {530},
	publisher = {Wiley-{VCH}},
	author = {Bohren, Craig F. and Huffman, Donald R.},
	date = {2004},
	note = {{OCLC}: 254937169},
	file = {bohren_huffman_absorption_and_scattering-book.pdf:C\:\\Users\\payen\\Zotero\\storage\\C6BLPSGH\\bohren_huffman_absorption_and_scattering-book.pdf:application/pdf;bohren_huffman_absorption_and_scattering-toc.pdf:C\:\\Users\\payen\\Zotero\\storage\\29D6WQ6U\\bohren_huffman_absorption_and_scattering-toc.pdf:application/pdf}
}

@inproceedings{soudais_3d_2017,
	title = {3D {MoM} computations with high order impedance boundary condition},
	doi = {10.1109/ICEAA.2017.8065245},
	eventtitle = {2017 International Conference on Electromagnetics in Advanced Applications ({ICEAA})},
	pages = {340--341},
	author = {Soudais, P.},
	date = {2017-09},
	keywords = {Boundary conditions, electromagnetic wave scattering, Impedance, Mathematical model, electric impedance, 3D {MoM} code, Coatings, Computational modeling, high order impedance boundary condition, Method of moments, Standard Impedance Boundary Condition, Three-dimensional displays},
	file = {Soudais - 2017 - 3D MoM computations with high order impedance boun.pdf:C\:\\Users\\payen\\Zotero\\storage\\LGBBFJT9\\Soudais - 2017 - 3D MoM computations with high order impedance boun.pdf:application/pdf}
}

@article{bonnans_local_1994,
	title = {Local analysis of Newton-type methods for variational inequalities and nonlinear programming},
	volume = {29},
	issn = {0095-4616, 1432-0606},
	url = {https://link.springer.com/article/10.1007/BF01204181},
	doi = {10.1007/BF01204181},
	abstract = {This paper presents some new results in the theory of Newton-type methods for variational inequalities, and their application to nonlinear programming. A condition of semistability is shown to ensure the quadratic convergence of Newton's method and the superlinear convergence of some quasi-Newton algorithms, provided the sequence defined by the algorithm exists and converges. A partial extension of these results to nonsmooth functions is given. The second part of the paper considers some particular variational inequalities with unknowns (x, λ), generalizing optimality systems. Here only the question of superlinear convergence of \{x k \} is considered. Some necessary or sufficient conditions are given. Applied to some quasi-Newton algorithms they allow us to obtain the superlinear convergence of \{x k \}. Application of the previous results to nonlinear programming allows us to strengthen the known results, the main point being a characterization of the superlinear convergence of \{x k \} assuming a weak second-order condition without strict complementarity.},
	pages = {161--186},
	number = {2},
	journaltitle = {Applied Mathematics and Optimization},
	shortjournal = {Appl Math Optim},
	author = {Bonnans, J. Frédéric},
	urldate = {2018-05-23},
	date = {1994-03-01},
	langid = {english},
	file = {Bonnans - 1994 - Local analysis of Newton-type methods for variatio.pdf:C\:\\Users\\payen\\Zotero\\storage\\2TP4BD5S\\Bonnans - 1994 - Local analysis of Newton-type methods for variatio.pdf:application/pdf}
}

@book{gradshteyn_table_1980,
	title = {Table of Integrals, Series, and Products},
	isbn = {978-0-12-294760-5},
	publisher = {Elsevier},
	author = {Gradshteyn, I.S and Ryzhik, I.M},
	urldate = {2018-06-04},
	date = {1980},
	langid = {english},
	doi = {10.1016/C2013-0-10754-4}
}

@book{sergey_v._surface_2009,
	title = {Surface Impedance Boundary Conditions: A Comprehensive Approach},
	isbn = {1-4200-4489-3},
	publisher = {{CRC} Press},
	author = {Sergey V., Yuferev and Nathan, Ida},
	date = {2009},
	file = {Sergey V. Yuferev, Nathan Ida-Surface Impedance Boundary Conditions_ A Comprehensive Approach-CRC Press (2009).pdf:C\:\\Users\\payen\\Zotero\\storage\\IVJSW933\\Sergey V. Yuferev, Nathan Ida-Surface Impedance Boundary Conditions_ A Comprehensive Approach-CRC Press (2009).pdf:application/pdf}
}

@thesis{abil_electromagnetic_2014,
	title = {Electromagnetic scattering problem with higher order impedance boundary conditions and integral methods},
	url = {https://www.theses.fr/2014CERG0682/document},
	institution = {Cergy-Pontoise},
	type = {phdthesis},
	author = {Abil, Aubakirov},
	date = {2014},
	keywords = {Impédance, Integral methods, Modélisation},
	file = {AUBAKIROV_2014_archivage.pdf:C\:\\Users\\payen\\Zotero\\storage\\SX3Z4ACE\\AUBAKIROV_2014_archivage.pdf:application/pdf}
}

@thesis{lize_resolution_2014,
	title = {Résolution directe rapide pour les éléments finis de frontière en électromagnétisme et acoustique : H-Matrices. Parallélisme et applications industrielles},
	url = {https://tel.archives-ouvertes.fr/tel-01244260/document},
	shorttitle = {Résolution directe rapide pour les éléments finis de frontière en électromagnétisme et acoustique},
	abstract = {La méthode des éléments finis de frontière ({BEM}) requiert la résolution de systèmes linéaires pleins, mal conditionnés de grande dimension avec un nombre imp ortant de seconds membres ; la difficulté de résolution est le principal obstacle pratique à son utilisation. Une matrice hiérarchique (ℋ-Matrice) est un format de stockage hiérarchique, creux et approché de matrices dont la manipulation permet la réalisation d’un solveur linéaire direct avec une complexité asymptotique en O(N log α2 (N)) en espace et en temps. On s’intéresse aux ℋ-Matrices pour les {BEM}, avec l’évaluation et la mise en œuvre des ℋ-Matrices sur des cas académiques et industriels complexes d’une part ; et la parallélisation efficace de ces algorithmes d’autre part. Une étude paramétrique rigoureuse et détaillée sur des cas modèles et industriels est présentée. On précise le domaine d’application des ℋ-Matrices pour les {BEM}, donne des recommendations sur les paramètres des algorithmes, et décrit des optimisations réalisables. Nous montrons la pertinence des ℋMatrices en termes de précision et temps de calcul, en comparaison avec un solveur direct classique et avec un solveur itératif basé sur la méthode multipôle rapide. La parallélisation des algorithmes, en mémoire partagée puis distribuée, repose sur l’expression des calculs sous forme de graphes de tâches composables, dont l’ordonnancement est effectué dynamiquement à l’aide d’un moteur d’exécution. Nous donnons une expression permettant de contrôler la granularité des opérations au travers d’une coupe paramétrable des ℋ-Matrices, et exposons diverses optimisations et extensions de ce formalisme. Une efficacité parallèle quasi-optimale est obtenue en mémoire partagée, ainsi que des résultats prometteurs en mémoire distribuée.},
	institution = {Université Paris-Nord - Paris {XIII}},
	type = {phdthesis},
	author = {Lizé, Benoît},
	urldate = {2018-07-17},
	date = {2014-06-17},
	langid = {french},
	file = {Full Text PDF:C\:\\Users\\payen\\Zotero\\storage\\KW732HQX\\Lizé - 2014 - Résolution directe rapide pour les éléments finis .pdf:application/pdf}
}

@book{brezis_analyse_1996,
	location = {Paris},
	edition = {5. tirage},
	title = {Analyse fonctionelle: Théorie et applications},
	isbn = {978-2-225-77198-9},
	series = {Collection Mathématiques appliquées pour la maîtrise},
	shorttitle = {Analyse fonctionelle},
	pagetotal = {233},
	publisher = {Masson},
	author = {Brezis, Haim},
	date = {1996},
	note = {{OCLC}: 34953397},
	file = {Haim Brezis-Analyse fonctionnelle.djvu:C\:\\Users\\payen\\Zotero\\storage\\EQM64BBV\\Haim Brezis-Analyse fonctionnelle.djvu:image/vnd.djvu}
}